%YAML 1.1
%TAG !u! tag:unity3d.com,2011:
--- !u!1001 &346111985408888244
PrefabInstance:
  m_ObjectHideFlags: 0
  serializedVersion: 2
  m_Modification:
    serializedVersion: 3
    m_TransformParent: {fileID: 0}
    m_Modifications:
    - target: {fileID: -8679921383154817045, guid: d493d167010d06043a1f55f45179bb5f,
        type: 3}
      propertyPath: m_LocalPosition.x
      value: -226.168
      objectReference: {fileID: 0}
    - target: {fileID: -8679921383154817045, guid: d493d167010d06043a1f55f45179bb5f,
        type: 3}
      propertyPath: m_LocalPosition.y
      value: 2.3221614
      objectReference: {fileID: 0}
    - target: {fileID: -8679921383154817045, guid: d493d167010d06043a1f55f45179bb5f,
        type: 3}
      propertyPath: m_LocalPosition.z
      value: 9.0482
      objectReference: {fileID: 0}
    - target: {fileID: -8679921383154817045, guid: d493d167010d06043a1f55f45179bb5f,
        type: 3}
      propertyPath: m_LocalRotation.w
      value: 0.97965056
      objectReference: {fileID: 0}
    - target: {fileID: -8679921383154817045, guid: d493d167010d06043a1f55f45179bb5f,
        type: 3}
      propertyPath: m_LocalRotation.x
      value: 0.000000021410937
      objectReference: {fileID: 0}
    - target: {fileID: -8679921383154817045, guid: d493d167010d06043a1f55f45179bb5f,
        type: 3}
      propertyPath: m_LocalRotation.y
      value: 0.20071088
      objectReference: {fileID: 0}
    - target: {fileID: -8679921383154817045, guid: d493d167010d06043a1f55f45179bb5f,
        type: 3}
      propertyPath: m_LocalRotation.z
      value: -0.0000000043866764
      objectReference: {fileID: 0}
    - target: {fileID: -8679921383154817045, guid: d493d167010d06043a1f55f45179bb5f,
        type: 3}
      propertyPath: m_LocalEulerAnglesHint.x
      value: 0
      objectReference: {fileID: 0}
    - target: {fileID: -8679921383154817045, guid: d493d167010d06043a1f55f45179bb5f,
        type: 3}
      propertyPath: m_LocalEulerAnglesHint.y
      value: 23.157
      objectReference: {fileID: 0}
    - target: {fileID: -8679921383154817045, guid: d493d167010d06043a1f55f45179bb5f,
        type: 3}
      propertyPath: m_LocalEulerAnglesHint.z
      value: 0
      objectReference: {fileID: 0}
    - target: {fileID: -7511558181221131132, guid: d493d167010d06043a1f55f45179bb5f,
        type: 3}
      propertyPath: m_Materials.Array.data[0]
      value: 
      objectReference: {fileID: 2100000, guid: d71ef9bf34e14be4990c29443f6a0fcf, type: 2}
    - target: {fileID: 919132149155446097, guid: d493d167010d06043a1f55f45179bb5f,
        type: 3}
      propertyPath: m_Name
      value: Cat Cup Dock
      objectReference: {fileID: 0}
    - target: {fileID: 919132149155446097, guid: d493d167010d06043a1f55f45179bb5f,
        type: 3}
      propertyPath: m_Layer
      value: 11
      objectReference: {fileID: 0}
    m_RemovedComponents: []
    m_RemovedGameObjects: []
    m_AddedGameObjects: []
    m_AddedComponents:
    - targetCorrespondingSourceObject: {fileID: 919132149155446097, guid: d493d167010d06043a1f55f45179bb5f,
        type: 3}
      insertIndex: -1
      addedObject: {fileID: 5984196954838634349}
    - targetCorrespondingSourceObject: {fileID: 919132149155446097, guid: d493d167010d06043a1f55f45179bb5f,
        type: 3}
      insertIndex: -1
      addedObject: {fileID: 2101404997645280627}
    - targetCorrespondingSourceObject: {fileID: 919132149155446097, guid: d493d167010d06043a1f55f45179bb5f,
        type: 3}
      insertIndex: -1
      addedObject: {fileID: 2253476432228145794}
    - targetCorrespondingSourceObject: {fileID: 919132149155446097, guid: d493d167010d06043a1f55f45179bb5f,
        type: 3}
      insertIndex: -1
      addedObject: {fileID: 8993956332234283637}
    - targetCorrespondingSourceObject: {fileID: 919132149155446097, guid: d493d167010d06043a1f55f45179bb5f,
        type: 3}
      insertIndex: -1
      addedObject: {fileID: 7233087658637338787}
    - targetCorrespondingSourceObject: {fileID: 919132149155446097, guid: d493d167010d06043a1f55f45179bb5f,
        type: 3}
      insertIndex: -1
      addedObject: {fileID: 5864139383414571864}
    - targetCorrespondingSourceObject: {fileID: 919132149155446097, guid: d493d167010d06043a1f55f45179bb5f,
        type: 3}
      insertIndex: -1
      addedObject: {fileID: 8176065396772050069}
    - targetCorrespondingSourceObject: {fileID: 919132149155446097, guid: d493d167010d06043a1f55f45179bb5f,
        type: 3}
      insertIndex: -1
      addedObject: {fileID: 4546304091196978370}
  m_SourcePrefab: {fileID: 100100000, guid: d493d167010d06043a1f55f45179bb5f, type: 3}
--- !u!1 &580061471199752421 stripped
GameObject:
  m_CorrespondingSourceObject: {fileID: 919132149155446097, guid: d493d167010d06043a1f55f45179bb5f,
    type: 3}
  m_PrefabInstance: {fileID: 346111985408888244}
  m_PrefabAsset: {fileID: 0}
--- !u!114 &5984196954838634349
MonoBehaviour:
  m_ObjectHideFlags: 0
  m_CorrespondingSourceObject: {fileID: 0}
  m_PrefabInstance: {fileID: 0}
  m_PrefabAsset: {fileID: 0}
  m_GameObject: {fileID: 580061471199752421}
  m_Enabled: 0
  m_EditorHideFlags: 0
  m_Script: {fileID: 11500000, guid: 34ecc488e36747de8d483e940e7212ab, type: 3}
  m_Name: 
  m_EditorClassIdentifier: 
  complexMaskingMode: 0
  drawingMode: 1
  outlineLayer: 0
  outlineTargets:
  - IsVisible: 0
    CutoutMask: 8
    edgeDilateAmount: 5
    frontEdgeDilateAmount: 5
    backEdgeDilateAmount: 5
    renderer: {fileID: 1372532070960582960}
    SubmeshIndex: 0
    BoundsMode: 0
    Bounds:
      m_Center: {x: 0, y: 0, z: 0}
      m_Extent: {x: 0.5, y: 0.5, z: 0.5}
    CutoutThreshold: 0.5
    CullMode: 2
    cutoutTextureName: 
    DilateRenderingMode: 0
    cutoutTextureIndex: 0
  renderStyle: 1
  outlineParameters:
    enabled: 1
    color: {r: 0.015686275, g: 0.4862745, b: 1, a: 1}
    dilateShift: 1
    blurShift: 1
    fillPass:
      shader: {fileID: 0}
      serializedProperties: []
  backParameters:
    enabled: 1
    color: {r: 1, g: 0.92156863, b: 0.015686275, a: 1}
    dilateShift: 1
    blurShift: 1
    fillPass:
      shader: {fileID: 0}
      serializedProperties: []
  frontParameters:
    enabled: 1
    color: {r: 1, g: 0.92156863, b: 0.015686275, a: 1}
    dilateShift: 1
    blurShift: 1
    fillPass:
      shader: {fileID: 0}
      serializedProperties: []
--- !u!114 &2101404997645280627
MonoBehaviour:
  m_ObjectHideFlags: 0
  m_CorrespondingSourceObject: {fileID: 0}
  m_PrefabInstance: {fileID: 0}
  m_PrefabAsset: {fileID: 0}
  m_GameObject: {fileID: 580061471199752421}
  m_Enabled: 1
  m_EditorHideFlags: 0
  m_Script: {fileID: 11500000, guid: 034bc47afcbf5e141a58d5c20b7808e4, type: 3}
  m_Name: 
  m_EditorClassIdentifier: 
--- !u!114 &2253476432228145794
MonoBehaviour:
  m_ObjectHideFlags: 0
  m_CorrespondingSourceObject: {fileID: 0}
  m_PrefabInstance: {fileID: 0}
  m_PrefabAsset: {fileID: 0}
  m_GameObject: {fileID: 580061471199752421}
  m_Enabled: 0
  m_EditorHideFlags: 0
  m_Script: {fileID: 11500000, guid: b1dababc44054dae9fb0793bed13782d, type: 3}
  m_Name: 
  m_EditorClassIdentifier: 
  complexMaskingMode: 0
  drawingMode: 1
  outlineLayer: 0
  outlineTargets:
  - IsVisible: 0
    CutoutMask: 8
    edgeDilateAmount: 5
    frontEdgeDilateAmount: 5
    backEdgeDilateAmount: 5
    renderer: {fileID: 1372532070960582960}
    SubmeshIndex: 0
    BoundsMode: 0
    Bounds:
      m_Center: {x: 0, y: 0, z: 0}
      m_Extent: {x: 0.5, y: 0.5, z: 0.5}
    CutoutThreshold: 0.5
    CullMode: 2
    cutoutTextureName: 
    DilateRenderingMode: 0
    cutoutTextureIndex: 0
  renderStyle: 1
  outlineParameters:
    enabled: 1
    color: {r: 1, g: 0, b: 0, a: 1}
    dilateShift: 1
    blurShift: 1
    fillPass:
      shader: {fileID: 0}
      serializedProperties: []
  backParameters:
    enabled: 1
    color: {r: 1, g: 0.92156863, b: 0.015686275, a: 1}
    dilateShift: 1
    blurShift: 1
    fillPass:
      shader: {fileID: 0}
      serializedProperties: []
  frontParameters:
    enabled: 1
    color: {r: 1, g: 0.92156863, b: 0.015686275, a: 1}
    dilateShift: 1
    blurShift: 1
    fillPass:
      shader: {fileID: 0}
      serializedProperties: []
--- !u!114 &8993956332234283637
MonoBehaviour:
  m_ObjectHideFlags: 0
  m_CorrespondingSourceObject: {fileID: 0}
  m_PrefabInstance: {fileID: 0}
  m_PrefabAsset: {fileID: 0}
  m_GameObject: {fileID: 580061471199752421}
  m_Enabled: 1
  m_EditorHideFlags: 0
  m_Script: {fileID: 11500000, guid: 9862e7dc2287478fb7add8b132cc90cf, type: 3}
  m_Name: 
  m_EditorClassIdentifier: 
--- !u!114 &7233087658637338787
MonoBehaviour:
  m_ObjectHideFlags: 0
  m_CorrespondingSourceObject: {fileID: 0}
  m_PrefabInstance: {fileID: 0}
  m_PrefabAsset: {fileID: 0}
  m_GameObject: {fileID: 580061471199752421}
  m_Enabled: 1
  m_EditorHideFlags: 0
  m_Script: {fileID: 11500000, guid: eb3b34d678234b648bd08d0b50c65ba7, type: 3}
  m_Name: 
  m_EditorClassIdentifier: 
  ToolTip: <style=Interaction/Interact> pickup dish
--- !u!114 &5864139383414571864
MonoBehaviour:
  m_ObjectHideFlags: 0
  m_CorrespondingSourceObject: {fileID: 0}
  m_PrefabInstance: {fileID: 0}
  m_PrefabAsset: {fileID: 0}
  m_GameObject: {fileID: 580061471199752421}
  m_Enabled: 1
  m_EditorHideFlags: 0
  m_Script: {fileID: 11500000, guid: 26b716c41e9b56b4baafaf13a523ba2e, type: 3}
  m_Name: 
  m_EditorClassIdentifier: 
  <IsNested>k__BackingField: 0
  <ComponentIndex>k__BackingField: 0
  <PredictedSpawn>k__BackingField: {fileID: 0}
  _networkBehaviours:
  - {fileID: 4546304091196978370}
  <SerializedRootNetworkBehaviour>k__BackingField: {fileID: 0}
  <NestedRootNetworkBehaviours>k__BackingField: []
  SerializedTransformProperties:
    Position: {x: -226.3773, y: 2.3221614, z: 9.043455}
    Rotation: {x: 0.000000021855694, y: -0, z: -0, w: 1}
    LocalScale: {x: 1, y: 1, z: 1}
  _isNetworked: 1
  _isSpawnable: 1
  _isGlobal: 0
  _initializeOrder: 0
  _defaultDespawnType: 0
  NetworkObserver: {fileID: 0}
  _enablePrediction: 0
  _predictionType: 0
  _graphicalObject: {fileID: 0}
  _detachGraphicalObject: 0
  _enableStateForwarding: 1
  _networkTransform: {fileID: 0}
  _ownerInterpolation: 1
  _ownerSmoothedProperties: 255
  _adaptiveInterpolation: 3
  _spectatorSmoothedProperties: 255
  _spectatorInterpolation: 2
  _enableTeleport: 0
  _teleportThreshold: 1
  <PrefabId>k__BackingField: 0
  <SpawnableCollectionId>k__BackingField: 0
  <SceneId>k__BackingField: 0
  <AssetPathHash>k__BackingField: 0
--- !u!65 &8176065396772050069
BoxCollider:
  m_ObjectHideFlags: 0
  m_CorrespondingSourceObject: {fileID: 0}
  m_PrefabInstance: {fileID: 0}
  m_PrefabAsset: {fileID: 0}
  m_GameObject: {fileID: 580061471199752421}
  m_Material: {fileID: 0}
  m_IncludeLayers:
    serializedVersion: 2
    m_Bits: 0
  m_ExcludeLayers:
    serializedVersion: 2
    m_Bits: 0
  m_LayerOverridePriority: 0
  m_IsTrigger: 0
  m_ProvidesContacts: 0
  m_Enabled: 1
  serializedVersion: 3
  m_Size: {x: 0.10005453, y: 0.099999994, z: 0.099918894}
  m_Center: {x: -0.00018940866, y: 0.049999997, z: -2.9566744e-18}
--- !u!114 &4546304091196978370
MonoBehaviour:
  m_ObjectHideFlags: 0
  m_CorrespondingSourceObject: {fileID: 0}
  m_PrefabInstance: {fileID: 0}
  m_PrefabAsset: {fileID: 0}
  m_GameObject: {fileID: 580061471199752421}
  m_Enabled: 1
  m_EditorHideFlags: 0
  m_Script: {fileID: 11500000, guid: 0515d5adbe7647845a95e2614a5bb2f2, type: 3}
  m_Name: 
  m_EditorClassIdentifier: 
  _componentIndexCache: 0
  _addedNetworkObject: {fileID: 5864139383414571864}
  _networkObjectCache: {fileID: 5864139383414571864}
  OnObserverChange:
    m_PersistentCalls:
      m_Calls: []
  <OnInteractBefore>k__BackingField:
    m_PersistentCalls:
      m_Calls: []
  <OnInteract>k__BackingField:
    m_PersistentCalls:
      m_Calls: []
  <OnInteractAfter>k__BackingField:
    m_PersistentCalls:
      m_Calls: []
  <OnFailedInteractionBefore>k__BackingField:
    m_PersistentCalls:
      m_Calls: []
  <OnFailedInteraction>k__BackingField:
    m_PersistentCalls:
      m_Calls: []
  <OnFailedInteractionAfter>k__BackingField:
    m_PersistentCalls:
      m_Calls: []
  <OnPointerEnter>k__BackingField:
    m_PersistentCalls:
      m_Calls: []
  <OnPointerExit>k__BackingField:
    m_PersistentCalls:
      m_Calls: []
  <OnServerInteractBefore>k__BackingField:
    m_PersistentCalls:
      m_Calls: []
  <OnServerInteract>k__BackingField:
    m_PersistentCalls:
      m_Calls: []
  <OnServerInteractAfter>k__BackingField:
    m_PersistentCalls:
      m_Calls: []
  <OnFailedLocalInteractBefore>k__BackingField:
    m_PersistentCalls:
      m_Calls: []
  <OnFailedLocalInteract>k__BackingField:
    m_PersistentCalls:
      m_Calls: []
  <OnFailedLocalInteractAfter>k__BackingField:
    m_PersistentCalls:
      m_Calls: []
  <OnLocalInteractBefore>k__BackingField:
    m_PersistentCalls:
      m_Calls: []
  <OnLocalInteract>k__BackingField:
    m_PersistentCalls:
      m_Calls: []
  <OnLocalInteractAfter>k__BackingField:
    m_PersistentCalls:
      m_Calls: []
  <OnFailedInteractBefore>k__BackingField:
    m_PersistentCalls:
      m_Calls: []
  <OnFailedInteract>k__BackingField:
    m_PersistentCalls:
      m_Calls: []
  <OnFailedInteractAfter>k__BackingField:
    m_PersistentCalls:
      m_Calls: []
  _myItemSlot: {fileID: 11400000, guid: ddfaf87700632a84aa9a042c6baf9982, type: 2}
  _requiredState: 3
  _isAutoDisable: 1
  _offsetForItem: {x: 0, y: 0, z: 0}
  _meshToDisable: {fileID: 1372532070960582960}
--- !u!23 &1372532070960582960 stripped
MeshRenderer:
  m_CorrespondingSourceObject: {fileID: -7511558181221131132, guid: d493d167010d06043a1f55f45179bb5f,
    type: 3}
  m_PrefabInstance: {fileID: 346111985408888244}
  m_PrefabAsset: {fileID: 0}
