%YAML 1.1
%TAG !u! tag:unity3d.com,2011:
--- !u!1 &8559645148681639438
GameObject:
  m_ObjectHideFlags: 0
  m_CorrespondingSourceObject: {fileID: 0}
  m_PrefabInstance: {fileID: 0}
  m_PrefabAsset: {fileID: 0}
  serializedVersion: 6
  m_Component:
  - component: {fileID: 8490240934851721002}
  - component: {fileID: 1918227875615485869}
  m_Layer: 11
  m_Name: Dirt
  m_TagString: Untagged
  m_Icon: {fileID: 0}
  m_NavMeshLayer: 0
  m_StaticEditorFlags: 0
  m_IsActive: 1
--- !u!4 &8490240934851721002
Transform:
  m_ObjectHideFlags: 0
  m_CorrespondingSourceObject: {fileID: 0}
  m_PrefabInstance: {fileID: 0}
  m_PrefabAsset: {fileID: 0}
  m_GameObject: {fileID: 8559645148681639438}
  serializedVersion: 2
  m_LocalRotation: {x: 0.70710707, y: -0, z: -0, w: 0.70710653}
  m_LocalPosition: {x: 0, y: 0, z: 0}
  m_LocalScale: {x: 1, y: 1, z: 1}
  m_ConstrainProportionsScale: 0
  m_Children: []
  m_Father: {fileID: 2111694762732649905}
  m_LocalEulerAnglesHint: {x: 90, y: 0, z: 0}
--- !u!114 &1918227875615485869
MonoBehaviour:
  m_ObjectHideFlags: 0
  m_CorrespondingSourceObject: {fileID: 0}
  m_PrefabInstance: {fileID: 0}
  m_PrefabAsset: {fileID: 0}
  m_GameObject: {fileID: 8559645148681639438}
  m_Enabled: 1
  m_EditorHideFlags: 0
  m_Script: {fileID: 11500000, guid: 0777d029ed3dffa4692f417d4aba19ca, type: 3}
  m_Name: 
  m_EditorClassIdentifier: 
  m_Material: {fileID: 2100000, guid: 7e89ccd45f354a2438e1709391db257e, type: 2}
  m_DrawDistance: 1000
  m_FadeScale: 0.9
  m_StartAngleFade: 180
  m_EndAngleFade: 180
  m_UVScale: {x: 0.28038025, y: 0.28089046}
  m_UVBias: {x: 0.10624321, y: 0.3559692}
  m_DecalLayerMask: 1
  m_ScaleMode: 0
  m_Offset: {x: 0.00011444092, y: -0.0008201599, z: -0.014249222}
  m_Size: {x: 0.28038025, y: 0.28089046, z: 0.023427129}
  m_FadeFactor: 1
--- !u!1001 &1928814217235143258
PrefabInstance:
  m_ObjectHideFlags: 0
  serializedVersion: 2
  m_Modification:
    serializedVersion: 3
    m_TransformParent: {fileID: 0}
    m_Modifications:
    - target: {fileID: -8679921383154817045, guid: 0830bf0a952641c46a668f966930724f,
        type: 3}
      propertyPath: m_LocalPosition.x
      value: -227.10362
      objectReference: {fileID: 0}
    - target: {fileID: -8679921383154817045, guid: 0830bf0a952641c46a668f966930724f,
        type: 3}
      propertyPath: m_LocalPosition.y
      value: 1.7048541
      objectReference: {fileID: 0}
    - target: {fileID: -8679921383154817045, guid: 0830bf0a952641c46a668f966930724f,
        type: 3}
      propertyPath: m_LocalPosition.z
      value: 8.806724
      objectReference: {fileID: 0}
    - target: {fileID: -8679921383154817045, guid: 0830bf0a952641c46a668f966930724f,
        type: 3}
      propertyPath: m_LocalRotation.w
      value: 1
      objectReference: {fileID: 0}
    - target: {fileID: -8679921383154817045, guid: 0830bf0a952641c46a668f966930724f,
        type: 3}
      propertyPath: m_LocalRotation.x
      value: 0.000000021855694
      objectReference: {fileID: 0}
    - target: {fileID: -8679921383154817045, guid: 0830bf0a952641c46a668f966930724f,
        type: 3}
      propertyPath: m_LocalRotation.y
      value: -0
      objectReference: {fileID: 0}
    - target: {fileID: -8679921383154817045, guid: 0830bf0a952641c46a668f966930724f,
        type: 3}
      propertyPath: m_LocalRotation.z
      value: -0
      objectReference: {fileID: 0}
    - target: {fileID: -8679921383154817045, guid: 0830bf0a952641c46a668f966930724f,
        type: 3}
      propertyPath: m_LocalEulerAnglesHint.x
      value: 0
      objectReference: {fileID: 0}
    - target: {fileID: -8679921383154817045, guid: 0830bf0a952641c46a668f966930724f,
        type: 3}
      propertyPath: m_LocalEulerAnglesHint.y
      value: 0
      objectReference: {fileID: 0}
    - target: {fileID: -8679921383154817045, guid: 0830bf0a952641c46a668f966930724f,
        type: 3}
      propertyPath: m_LocalEulerAnglesHint.z
      value: 0
      objectReference: {fileID: 0}
    - target: {fileID: -7511558181221131132, guid: 0830bf0a952641c46a668f966930724f,
        type: 3}
      propertyPath: m_Materials.Array.data[0]
      value: 
      objectReference: {fileID: 2100000, guid: 0769a703bd0cacd4cbad2c8153a48d72, type: 2}
    - target: {fileID: 919132149155446097, guid: 0830bf0a952641c46a668f966930724f,
        type: 3}
      propertyPath: m_Name
      value: Plate Cat
      objectReference: {fileID: 0}
    - target: {fileID: 919132149155446097, guid: 0830bf0a952641c46a668f966930724f,
        type: 3}
      propertyPath: m_Layer
      value: 11
      objectReference: {fileID: 0}
    m_RemovedComponents: []
    m_RemovedGameObjects: []
    m_AddedGameObjects:
    - targetCorrespondingSourceObject: {fileID: -8679921383154817045, guid: 0830bf0a952641c46a668f966930724f,
        type: 3}
      insertIndex: -1
      addedObject: {fileID: 8490240934851721002}
    m_AddedComponents:
    - targetCorrespondingSourceObject: {fileID: 919132149155446097, guid: 0830bf0a952641c46a668f966930724f,
        type: 3}
      insertIndex: -1
      addedObject: {fileID: 4083002311312758666}
    - targetCorrespondingSourceObject: {fileID: 919132149155446097, guid: 0830bf0a952641c46a668f966930724f,
        type: 3}
      insertIndex: -1
      addedObject: {fileID: 5624488134481778959}
    - targetCorrespondingSourceObject: {fileID: 919132149155446097, guid: 0830bf0a952641c46a668f966930724f,
        type: 3}
      insertIndex: -1
      addedObject: {fileID: 7355708527052716961}
    - targetCorrespondingSourceObject: {fileID: 919132149155446097, guid: 0830bf0a952641c46a668f966930724f,
        type: 3}
      insertIndex: -1
      addedObject: {fileID: 6730922880695076849}
    - targetCorrespondingSourceObject: {fileID: 919132149155446097, guid: 0830bf0a952641c46a668f966930724f,
        type: 3}
      insertIndex: -1
      addedObject: {fileID: 8212599357002775287}
    - targetCorrespondingSourceObject: {fileID: 919132149155446097, guid: 0830bf0a952641c46a668f966930724f,
        type: 3}
      insertIndex: -1
      addedObject: {fileID: 5326024738362691332}
    - targetCorrespondingSourceObject: {fileID: 919132149155446097, guid: 0830bf0a952641c46a668f966930724f,
        type: 3}
      insertIndex: -1
      addedObject: {fileID: 5391133301381131075}
    - targetCorrespondingSourceObject: {fileID: 919132149155446097, guid: 0830bf0a952641c46a668f966930724f,
        type: 3}
      insertIndex: -1
      addedObject: {fileID: 1354815307321117994}
    - targetCorrespondingSourceObject: {fileID: 919132149155446097, guid: 0830bf0a952641c46a668f966930724f,
        type: 3}
      insertIndex: -1
      addedObject: {fileID: 5370722210095929988}
    - targetCorrespondingSourceObject: {fileID: 919132149155446097, guid: 0830bf0a952641c46a668f966930724f,
        type: 3}
      insertIndex: -1
      addedObject: {fileID: 7498205702550581293}
  m_SourcePrefab: {fileID: 100100000, guid: 0830bf0a952641c46a668f966930724f, type: 3}
--- !u!23 &938178011954710238 stripped
MeshRenderer:
  m_CorrespondingSourceObject: {fileID: -7511558181221131132, guid: 0830bf0a952641c46a668f966930724f,
    type: 3}
  m_PrefabInstance: {fileID: 1928814217235143258}
  m_PrefabAsset: {fileID: 0}
--- !u!1 &1586937907011856139 stripped
GameObject:
  m_CorrespondingSourceObject: {fileID: 919132149155446097, guid: 0830bf0a952641c46a668f966930724f,
    type: 3}
  m_PrefabInstance: {fileID: 1928814217235143258}
  m_PrefabAsset: {fileID: 0}
--- !u!54 &4083002311312758666
Rigidbody:
  m_ObjectHideFlags: 0
  m_CorrespondingSourceObject: {fileID: 0}
  m_PrefabInstance: {fileID: 0}
  m_PrefabAsset: {fileID: 0}
  m_GameObject: {fileID: 1586937907011856139}
  serializedVersion: 4
  m_Mass: 1
  m_Drag: 0
  m_AngularDrag: 0.05
  m_CenterOfMass: {x: 0, y: 0, z: 0}
  m_InertiaTensor: {x: 1, y: 1, z: 1}
  m_InertiaRotation: {x: 0, y: 0, z: 0, w: 1}
  m_IncludeLayers:
    serializedVersion: 2
    m_Bits: 0
  m_ExcludeLayers:
    serializedVersion: 2
    m_Bits: 0
  m_ImplicitCom: 1
  m_ImplicitTensor: 1
  m_UseGravity: 1
  m_IsKinematic: 0
  m_Interpolate: 0
  m_Constraints: 0
  m_CollisionDetection: 1
--- !u!114 &5624488134481778959
MonoBehaviour:
  m_ObjectHideFlags: 0
  m_CorrespondingSourceObject: {fileID: 0}
  m_PrefabInstance: {fileID: 0}
  m_PrefabAsset: {fileID: 0}
  m_GameObject: {fileID: 1586937907011856139}
  m_Enabled: 0
  m_EditorHideFlags: 0
  m_Script: {fileID: 11500000, guid: 34ecc488e36747de8d483e940e7212ab, type: 3}
  m_Name: 
  m_EditorClassIdentifier: 
  complexMaskingMode: 0
  drawingMode: 1
  outlineLayer: 0
  outlineTargets:
  - IsVisible: 0
    CutoutMask: 8
    edgeDilateAmount: 5
    frontEdgeDilateAmount: 5
    backEdgeDilateAmount: 5
    renderer: {fileID: 938178011954710238}
    SubmeshIndex: 0
    BoundsMode: 0
    Bounds:
      m_Center: {x: 0, y: 0, z: 0}
      m_Extent: {x: 0.5, y: 0.5, z: 0.5}
    CutoutThreshold: 0.5
    CullMode: 2
    cutoutTextureName: 
    DilateRenderingMode: 0
    cutoutTextureIndex: 0
  renderStyle: 1
  outlineParameters:
    enabled: 1
    color: {r: 0.015686275, g: 0.4862745, b: 1, a: 1}
    dilateShift: 1
    blurShift: 1
    fillPass:
      shader: {fileID: 0}
      serializedProperties: []
  backParameters:
    enabled: 1
    color: {r: 1, g: 0.92156863, b: 0.015686275, a: 1}
    dilateShift: 1
    blurShift: 1
    fillPass:
      shader: {fileID: 0}
      serializedProperties: []
  frontParameters:
    enabled: 1
    color: {r: 1, g: 0.92156863, b: 0.015686275, a: 1}
    dilateShift: 1
    blurShift: 1
    fillPass:
      shader: {fileID: 0}
      serializedProperties: []
--- !u!114 &7355708527052716961
MonoBehaviour:
  m_ObjectHideFlags: 0
  m_CorrespondingSourceObject: {fileID: 0}
  m_PrefabInstance: {fileID: 0}
  m_PrefabAsset: {fileID: 0}
  m_GameObject: {fileID: 1586937907011856139}
  m_Enabled: 1
  m_EditorHideFlags: 0
  m_Script: {fileID: 11500000, guid: 034bc47afcbf5e141a58d5c20b7808e4, type: 3}
  m_Name: 
  m_EditorClassIdentifier: 
--- !u!114 &6730922880695076849
MonoBehaviour:
  m_ObjectHideFlags: 0
  m_CorrespondingSourceObject: {fileID: 0}
  m_PrefabInstance: {fileID: 0}
  m_PrefabAsset: {fileID: 0}
  m_GameObject: {fileID: 1586937907011856139}
  m_Enabled: 0
  m_EditorHideFlags: 0
  m_Script: {fileID: 11500000, guid: b1dababc44054dae9fb0793bed13782d, type: 3}
  m_Name: 
  m_EditorClassIdentifier: 
  complexMaskingMode: 0
  drawingMode: 1
  outlineLayer: 0
  outlineTargets:
  - IsVisible: 0
    CutoutMask: 8
    edgeDilateAmount: 5
    frontEdgeDilateAmount: 5
    backEdgeDilateAmount: 5
    renderer: {fileID: 938178011954710238}
    SubmeshIndex: 0
    BoundsMode: 0
    Bounds:
      m_Center: {x: 0, y: 0, z: 0}
      m_Extent: {x: 0.5, y: 0.5, z: 0.5}
    CutoutThreshold: 0.5
    CullMode: 2
    cutoutTextureName: 
    DilateRenderingMode: 0
    cutoutTextureIndex: 0
  renderStyle: 1
  outlineParameters:
    enabled: 1
    color: {r: 1, g: 0, b: 0, a: 1}
    dilateShift: 1
    blurShift: 1
    fillPass:
      shader: {fileID: 0}
      serializedProperties: []
  backParameters:
    enabled: 1
    color: {r: 1, g: 0.92156863, b: 0.015686275, a: 1}
    dilateShift: 1
    blurShift: 1
    fillPass:
      shader: {fileID: 0}
      serializedProperties: []
  frontParameters:
    enabled: 1
    color: {r: 1, g: 0.92156863, b: 0.015686275, a: 1}
    dilateShift: 1
    blurShift: 1
    fillPass:
      shader: {fileID: 0}
      serializedProperties: []
--- !u!114 &8212599357002775287
MonoBehaviour:
  m_ObjectHideFlags: 0
  m_CorrespondingSourceObject: {fileID: 0}
  m_PrefabInstance: {fileID: 0}
  m_PrefabAsset: {fileID: 0}
  m_GameObject: {fileID: 1586937907011856139}
  m_Enabled: 1
  m_EditorHideFlags: 0
  m_Script: {fileID: 11500000, guid: 9862e7dc2287478fb7add8b132cc90cf, type: 3}
  m_Name: 
  m_EditorClassIdentifier: 
--- !u!114 &5326024738362691332
MonoBehaviour:
  m_ObjectHideFlags: 0
  m_CorrespondingSourceObject: {fileID: 0}
  m_PrefabInstance: {fileID: 0}
  m_PrefabAsset: {fileID: 0}
  m_GameObject: {fileID: 1586937907011856139}
  m_Enabled: 1
  m_EditorHideFlags: 0
  m_Script: {fileID: 11500000, guid: eb3b34d678234b648bd08d0b50c65ba7, type: 3}
  m_Name: 
  m_EditorClassIdentifier: 
  ToolTip: <style=Interaction/Interact> pickup dish
--- !u!114 &5391133301381131075
MonoBehaviour:
  m_ObjectHideFlags: 0
  m_CorrespondingSourceObject: {fileID: 0}
  m_PrefabInstance: {fileID: 0}
  m_PrefabAsset: {fileID: 0}
  m_GameObject: {fileID: 1586937907011856139}
  m_Enabled: 1
  m_EditorHideFlags: 0
  m_Script: {fileID: 11500000, guid: e405c9c7edf023a47b2733a607f45c3c, type: 3}
  m_Name: 
  m_EditorClassIdentifier: 
  _componentIndexCache: 0
  _addedNetworkObject: {fileID: 1354815307321117994}
  _networkObjectCache: {fileID: 0}
  OnObserverChange:
    m_PersistentCalls:
      m_Calls: []
  <OnInteractBefore>k__BackingField:
    m_PersistentCalls:
      m_Calls: []
  <OnInteract>k__BackingField:
    m_PersistentCalls:
      m_Calls: []
  <OnInteractAfter>k__BackingField:
    m_PersistentCalls:
      m_Calls: []
  <OnFailedInteractionBefore>k__BackingField:
    m_PersistentCalls:
      m_Calls: []
  <OnFailedInteraction>k__BackingField:
    m_PersistentCalls:
      m_Calls: []
  <OnFailedInteractionAfter>k__BackingField:
    m_PersistentCalls:
      m_Calls: []
  <OnPointerEnter>k__BackingField:
    m_PersistentCalls:
      m_Calls: []
  <OnPointerExit>k__BackingField:
    m_PersistentCalls:
      m_Calls: []
  <OnServerInteractBefore>k__BackingField:
    m_PersistentCalls:
      m_Calls: []
  <OnServerInteract>k__BackingField:
    m_PersistentCalls:
      m_Calls: []
  <OnServerInteractAfter>k__BackingField:
    m_PersistentCalls:
      m_Calls: []
  <OnFailedLocalInteractBefore>k__BackingField:
    m_PersistentCalls:
      m_Calls: []
  <OnFailedLocalInteract>k__BackingField:
    m_PersistentCalls:
      m_Calls: []
  <OnFailedLocalInteractAfter>k__BackingField:
    m_PersistentCalls:
      m_Calls: []
  <OnLocalInteractBefore>k__BackingField:
    m_PersistentCalls:
      m_Calls: []
  <OnLocalInteract>k__BackingField:
    m_PersistentCalls:
      m_Calls: []
  <OnLocalInteractAfter>k__BackingField:
    m_PersistentCalls:
      m_Calls: []
  <OnFailedInteractBefore>k__BackingField:
    m_PersistentCalls:
      m_Calls: []
  <OnFailedInteract>k__BackingField:
    m_PersistentCalls:
      m_Calls: []
  <OnFailedInteractAfter>k__BackingField:
    m_PersistentCalls:
      m_Calls: []
  ID: 7c4db7fe-47d7-46db-9cd9-942981169c1e
  <OnPickupBefore>k__BackingField:
    m_PersistentCalls:
      m_Calls: []
  <OnPickup>k__BackingField:
    m_PersistentCalls:
      m_Calls: []
  <OnPickupAfter>k__BackingField:
    m_PersistentCalls:
      m_Calls: []
  <OnDropBefore>k__BackingField:
    m_PersistentCalls:
      m_Calls: []
  <OnDrop>k__BackingField:
    m_PersistentCalls:
      m_Calls: []
  <OnDropAfter>k__BackingField:
    m_PersistentCalls:
      m_Calls: []
  <OnAnimateBefore>k__BackingField:
    m_PersistentCalls:
      m_Calls: []
  <OnAnimateAfter>k__BackingField:
    m_PersistentCalls:
      m_Calls: []
  <Hand>k__BackingField: 0
  <CanBeDrop>k__BackingField: 1
  <Rigidbody>k__BackingField: {fileID: 4083002311312758666}
  <Origin>k__BackingField: {fileID: 2111694762732649905}
  <PositionOffset>k__BackingField: {x: -0.02, y: 0.3, z: 0.15}
  <RotationOffset>k__BackingField: {x: 0, y: -30.49, z: 22.03}
  <HandsIKTarget>k__BackingField:
    RightHandIK:
      weight: 1
      target:
        showPositionHandle: 1
        showRotationHandle: 1
        position: {x: 0.007345028, y: -0.052020706, z: -0.08559666}
        rotation: {x: 327.7894, y: 322.86102, z: 226.39284}
      hint:
        showPositionHandle: 1
        showRotationHandle: 1
        position: {x: 0.024333086, y: -0.18079075, z: -0.28642002}
        rotation: {x: 4.0876827, y: -0.0007761846, z: -0.00009534146}
      ThumbIK:
        weight: 0
        target:
          showPositionHandle: 0
          showRotationHandle: 0
          position: {x: 0, y: 0, z: 0}
          rotation: {x: 0, y: 0, z: 0}
        hint:
          showPositionHandle: 0
          showRotationHandle: 0
          position: {x: 0, y: 0, z: 0}
          rotation: {x: 0, y: 0, z: 0}
      IndexIK:
        weight: 0
        target:
          showPositionHandle: 0
          showRotationHandle: 0
          position: {x: 0, y: 0, z: 0}
          rotation: {x: 0, y: 0, z: 0}
        hint:
          showPositionHandle: 0
          showRotationHandle: 0
          position: {x: 0, y: 0, z: 0}
          rotation: {x: 0, y: 0, z: 0}
      MiddleIK:
        weight: 0
        target:
          showPositionHandle: 0
          showRotationHandle: 0
          position: {x: 0, y: 0, z: 0}
          rotation: {x: 0, y: 0, z: 0}
        hint:
          showPositionHandle: 0
          showRotationHandle: 0
          position: {x: 0, y: 0, z: 0}
          rotation: {x: 0, y: 0, z: 0}
      RingIK:
        weight: 0
        target:
          showPositionHandle: 0
          showRotationHandle: 0
          position: {x: 0, y: 0, z: 0}
          rotation: {x: 0, y: 0, z: 0}
        hint:
          showPositionHandle: 0
          showRotationHandle: 0
          position: {x: 0, y: 0, z: 0}
          rotation: {x: 0, y: 0, z: 0}
      PinkyIK:
        weight: 0
        target:
          showPositionHandle: 0
          showRotationHandle: 0
          position: {x: 0, y: 0, z: 0}
          rotation: {x: 0, y: 0, z: 0}
        hint:
          showPositionHandle: 0
          showRotationHandle: 0
          position: {x: 0, y: 0, z: 0}
          rotation: {x: 0, y: 0, z: 0}
    LeftHandIK:
      weight: 0
      target:
        showPositionHandle: 0
        showRotationHandle: 0
        position: {x: 0, y: 0, z: 0}
        rotation: {x: 0, y: 0, z: 0}
      hint:
        showPositionHandle: 0
        showRotationHandle: 0
        position: {x: 0, y: 0, z: 0}
        rotation: {x: 0, y: 0, z: 0}
      ThumbIK:
        weight: 0
        target:
          showPositionHandle: 0
          showRotationHandle: 0
          position: {x: 0, y: 0, z: 0}
          rotation: {x: 0, y: 0, z: 0}
        hint:
          showPositionHandle: 0
          showRotationHandle: 0
          position: {x: 0, y: 0, z: 0}
          rotation: {x: 0, y: 0, z: 0}
      IndexIK:
        weight: 0
        target:
          showPositionHandle: 0
          showRotationHandle: 0
          position: {x: 0, y: 0, z: 0}
          rotation: {x: 0, y: 0, z: 0}
        hint:
          showPositionHandle: 0
          showRotationHandle: 0
          position: {x: 0, y: 0, z: 0}
          rotation: {x: 0, y: 0, z: 0}
      MiddleIK:
        weight: 0
        target:
          showPositionHandle: 0
          showRotationHandle: 0
          position: {x: 0, y: 0, z: 0}
          rotation: {x: 0, y: 0, z: 0}
        hint:
          showPositionHandle: 0
          showRotationHandle: 0
          position: {x: 0, y: 0, z: 0}
          rotation: {x: 0, y: 0, z: 0}
      RingIK:
        weight: 0
        target:
          showPositionHandle: 0
          showRotationHandle: 0
          position: {x: 0, y: 0, z: 0}
          rotation: {x: 0, y: 0, z: 0}
        hint:
          showPositionHandle: 0
          showRotationHandle: 0
          position: {x: 0, y: 0, z: 0}
          rotation: {x: 0, y: 0, z: 0}
      PinkyIK:
        weight: 0
        target:
          showPositionHandle: 0
          showRotationHandle: 0
          position: {x: 0, y: 0, z: 0}
          rotation: {x: 0, y: 0, z: 0}
        hint:
          showPositionHandle: 0
          showRotationHandle: 0
          position: {x: 0, y: 0, z: 0}
          rotation: {x: 0, y: 0, z: 0}
  <AniamteLookAt>k__BackingField: 0
  _debug: 1
  _debugSlowMotion: 0
--- !u!114 &1354815307321117994
MonoBehaviour:
  m_ObjectHideFlags: 0
  m_CorrespondingSourceObject: {fileID: 0}
  m_PrefabInstance: {fileID: 0}
  m_PrefabAsset: {fileID: 0}
  m_GameObject: {fileID: 1586937907011856139}
  m_Enabled: 1
  m_EditorHideFlags: 0
  m_Script: {fileID: 11500000, guid: 26b716c41e9b56b4baafaf13a523ba2e, type: 3}
  m_Name: 
  m_EditorClassIdentifier: 
  <IsNested>k__BackingField: 0
  <ComponentIndex>k__BackingField: 0
  <PredictedSpawn>k__BackingField: {fileID: 0}
  _networkBehaviours:
  - {fileID: 5391133301381131075}
  <SerializedRootNetworkBehaviour>k__BackingField: {fileID: 0}
  <NestedRootNetworkBehaviours>k__BackingField: []
  SerializedTransformProperties:
    Position: {x: -0.3355, y: 2.4566, z: 2.1965}
    Rotation: {x: 0.000000021855694, y: -0, z: -0, w: 1}
    LocalScale: {x: 1, y: 1, z: 1}
  _isNetworked: 1
  _isSpawnable: 1
  _isGlobal: 0
  _initializeOrder: 0
  _defaultDespawnType: 0
  NetworkObserver: {fileID: 0}
  _enablePrediction: 0
  _predictionType: 0
  _graphicalObject: {fileID: 0}
  _detachGraphicalObject: 0
  _enableStateForwarding: 1
  _networkTransform: {fileID: 0}
  _ownerInterpolation: 1
  _ownerSmoothedProperties: 255
  _adaptiveInterpolation: 3
  _spectatorSmoothedProperties: 255
  _spectatorInterpolation: 2
  _enableTeleport: 0
  _teleportThreshold: 1
  <PrefabId>k__BackingField: 0
  <SpawnableCollectionId>k__BackingField: 0
  <SceneId>k__BackingField: 0
  <AssetPathHash>k__BackingField: 0
--- !u!65 &5370722210095929988
BoxCollider:
  m_ObjectHideFlags: 0
  m_CorrespondingSourceObject: {fileID: 0}
  m_PrefabInstance: {fileID: 0}
  m_PrefabAsset: {fileID: 0}
  m_GameObject: {fileID: 1586937907011856139}
  m_Material: {fileID: 0}
  m_IncludeLayers:
    serializedVersion: 2
    m_Bits: 0
  m_ExcludeLayers:
    serializedVersion: 2
    m_Bits: 0
  m_LayerOverridePriority: 0
  m_IsTrigger: 0
  m_ProvidesContacts: 0
  m_Enabled: 1
  serializedVersion: 3
  m_Size: {x: 0.2799128, y: 0.034594327, z: 0.2799564}
  m_Center: {x: -0.000043600798, y: 0.008007974, z: 0}
--- !u!114 &7498205702550581293
MonoBehaviour:
  m_ObjectHideFlags: 0
  m_CorrespondingSourceObject: {fileID: 0}
  m_PrefabInstance: {fileID: 0}
  m_PrefabAsset: {fileID: 0}
  m_GameObject: {fileID: 1586937907011856139}
  m_Enabled: 1
  m_EditorHideFlags: 0
  m_Script: {fileID: 11500000, guid: a2c2fe2159b59b44baa6194ad6dcb072, type: 3}
  m_Name: 
  m_EditorClassIdentifier: 
  _itemSO: {fileID: 11400000, guid: 9619ae0258ce10f4faf9e47cf65ca558, type: 2}
  _currentState: 3
--- !u!4 &2111694762732649905 stripped
Transform:
  m_CorrespondingSourceObject: {fileID: -8679921383154817045, guid: 0830bf0a952641c46a668f966930724f,
    type: 3}
  m_PrefabInstance: {fileID: 1928814217235143258}
  m_PrefabAsset: {fileID: 0}
