%YAML 1.1
%TAG !u! tag:unity3d.com,2011:
--- !u!1 &45571701621432977
GameObject:
  m_ObjectHideFlags: 0
  m_CorrespondingSourceObject: {fileID: 0}
  m_PrefabInstance: {fileID: 0}
  m_PrefabAsset: {fileID: 0}
  serializedVersion: 6
  m_Component:
  - component: {fileID: 9011602123432854311}
  - component: {fileID: 5749025467383641969}
  m_Layer: 0
  m_Name: Col (7)
  m_TagString: Untagged
  m_Icon: {fileID: 0}
  m_NavMeshLayer: 0
  m_StaticEditorFlags: 0
  m_IsActive: 1
--- !u!4 &9011602123432854311
Transform:
  m_ObjectHideFlags: 0
  m_CorrespondingSourceObject: {fileID: 0}
  m_PrefabInstance: {fileID: 0}
  m_PrefabAsset: {fileID: 0}
  m_GameObject: {fileID: 45571701621432977}
  serializedVersion: 2
  m_LocalRotation: {x: -0, y: -0, z: -0, w: 1}
  m_LocalPosition: {x: -0.023, y: 0.382, z: 0.806}
  m_LocalScale: {x: 0.4407445, y: 0.7804982, z: 0.8348602}
  m_ConstrainProportionsScale: 0
  m_Children: []
  m_Father: {fileID: 2101518994477822619}
  m_LocalEulerAnglesHint: {x: 0, y: 0, z: 0}
--- !u!65 &5749025467383641969
BoxCollider:
  m_ObjectHideFlags: 0
  m_CorrespondingSourceObject: {fileID: 0}
  m_PrefabInstance: {fileID: 0}
  m_PrefabAsset: {fileID: 0}
  m_GameObject: {fileID: 45571701621432977}
  m_Material: {fileID: 0}
  m_IncludeLayers:
    serializedVersion: 2
    m_Bits: 0
  m_ExcludeLayers:
    serializedVersion: 2
    m_Bits: 0
  m_LayerOverridePriority: 0
  m_IsTrigger: 0
  m_ProvidesContacts: 0
  m_Enabled: 1
  serializedVersion: 3
  m_Size: {x: 0.97148013, y: 1.0058684, z: 0.04220143}
  m_Center: {x: -0.0142606655, y: -0.0029337695, z: -0.4788992}
--- !u!1 &790256200313657712
GameObject:
  m_ObjectHideFlags: 0
  m_CorrespondingSourceObject: {fileID: 0}
  m_PrefabInstance: {fileID: 0}
  m_PrefabAsset: {fileID: 0}
  serializedVersion: 6
  m_Component:
  - component: {fileID: 3645076239268415430}
  - component: {fileID: 4782846555195875836}
  m_Layer: 0
  m_Name: Col (5)
  m_TagString: Untagged
  m_Icon: {fileID: 0}
  m_NavMeshLayer: 0
  m_StaticEditorFlags: 0
  m_IsActive: 1
--- !u!4 &3645076239268415430
Transform:
  m_ObjectHideFlags: 0
  m_CorrespondingSourceObject: {fileID: 0}
  m_PrefabInstance: {fileID: 0}
  m_PrefabAsset: {fileID: 0}
  m_GameObject: {fileID: 790256200313657712}
  serializedVersion: 2
  m_LocalRotation: {x: -0.70710576, y: -0, z: -0, w: 0.7071079}
  m_LocalPosition: {x: -0.066, y: 1.273, z: 0.411}
  m_LocalScale: {x: 0.27110758, y: 0.01989929, z: 1.0948358}
  m_ConstrainProportionsScale: 0
  m_Children: []
  m_Father: {fileID: 2101518994477822619}
  m_LocalEulerAnglesHint: {x: -90.00001, y: 0, z: 0}
--- !u!65 &4782846555195875836
BoxCollider:
  m_ObjectHideFlags: 0
  m_CorrespondingSourceObject: {fileID: 0}
  m_PrefabInstance: {fileID: 0}
  m_PrefabAsset: {fileID: 0}
  m_GameObject: {fileID: 790256200313657712}
  m_Material: {fileID: 0}
  m_IncludeLayers:
    serializedVersion: 2
    m_Bits: 0
  m_ExcludeLayers:
    serializedVersion: 2
    m_Bits: 0
  m_LayerOverridePriority: 0
  m_IsTrigger: 0
  m_ProvidesContacts: 0
  m_Enabled: 1
  serializedVersion: 3
  m_Size: {x: 1, y: 1, z: 1}
  m_Center: {x: 0, y: 0, z: 0}
--- !u!1 &924175333578969767
GameObject:
  m_ObjectHideFlags: 0
  m_CorrespondingSourceObject: {fileID: 0}
  m_PrefabInstance: {fileID: 0}
  m_PrefabAsset: {fileID: 0}
  serializedVersion: 6
  m_Component:
  - component: {fileID: 9171366816585851677}
  - component: {fileID: 73758250717712913}
  m_Layer: 0
  m_Name: Col (1)
  m_TagString: Untagged
  m_Icon: {fileID: 0}
  m_NavMeshLayer: 0
  m_StaticEditorFlags: 0
  m_IsActive: 1
--- !u!4 &9171366816585851677
Transform:
  m_ObjectHideFlags: 0
  m_CorrespondingSourceObject: {fileID: 0}
  m_PrefabInstance: {fileID: 0}
  m_PrefabAsset: {fileID: 0}
  m_GameObject: {fileID: 924175333578969767}
  serializedVersion: 2
  m_LocalRotation: {x: -0, y: -0, z: -0, w: 1}
  m_LocalPosition: {x: -0.066, y: 1.117, z: -0.004}
  m_LocalScale: {x: 0.27110758, y: 0.01989929, z: 0.8348602}
  m_ConstrainProportionsScale: 0
  m_Children: []
  m_Father: {fileID: 2101518994477822619}
  m_LocalEulerAnglesHint: {x: 0, y: 0, z: 0}
--- !u!65 &73758250717712913
BoxCollider:
  m_ObjectHideFlags: 0
  m_CorrespondingSourceObject: {fileID: 0}
  m_PrefabInstance: {fileID: 0}
  m_PrefabAsset: {fileID: 0}
  m_GameObject: {fileID: 924175333578969767}
  m_Material: {fileID: 0}
  m_IncludeLayers:
    serializedVersion: 2
    m_Bits: 0
  m_ExcludeLayers:
    serializedVersion: 2
    m_Bits: 0
  m_LayerOverridePriority: 0
  m_IsTrigger: 0
  m_ProvidesContacts: 0
  m_Enabled: 1
  serializedVersion: 3
  m_Size: {x: 1, y: 1, z: 1}
  m_Center: {x: 0, y: 0, z: 0}
--- !u!1 &1417161452168792079
GameObject:
  m_ObjectHideFlags: 0
  m_CorrespondingSourceObject: {fileID: 0}
  m_PrefabInstance: {fileID: 0}
  m_PrefabAsset: {fileID: 0}
  serializedVersion: 6
  m_Component:
  - component: {fileID: 8909232213289411249}
  - component: {fileID: 7772324389651402526}
  - component: {fileID: 3502391948576932579}
  - component: {fileID: 4247652962797533090}
  - component: {fileID: 4585922237923041335}
  - component: {fileID: 5270488569001681996}
  - component: {fileID: 8655219822066431422}
  - component: {fileID: 5670875621278849674}
  - component: {fileID: 8039673532381113778}
  - component: {fileID: 1638944453707305179}
  m_Layer: 0
  m_Name: SM_Cabinet_D1_Door1_LOD0
  m_TagString: Untagged
  m_Icon: {fileID: 0}
  m_NavMeshLayer: 0
  m_StaticEditorFlags: 0
  m_IsActive: 1
--- !u!4 &8909232213289411249
Transform:
  m_ObjectHideFlags: 0
  m_CorrespondingSourceObject: {fileID: 0}
  m_PrefabInstance: {fileID: 0}
  m_PrefabAsset: {fileID: 0}
  m_GameObject: {fileID: 1417161452168792079}
  serializedVersion: 2
  m_LocalRotation: {x: -0, y: -0, z: -0, w: 1}
  m_LocalPosition: {x: 0.06725604, y: 1.5477049, z: -0.40432483}
  m_LocalScale: {x: 1, y: 1, z: 1}
  m_ConstrainProportionsScale: 0
  m_Children: []
  m_Father: {fileID: 2101518994477822619}
  m_LocalEulerAnglesHint: {x: 0, y: 0, z: 0}
--- !u!23 &7772324389651402526
MeshRenderer:
  m_ObjectHideFlags: 0
  m_CorrespondingSourceObject: {fileID: 0}
  m_PrefabInstance: {fileID: 0}
  m_PrefabAsset: {fileID: 0}
  m_GameObject: {fileID: 1417161452168792079}
  m_Enabled: 1
  m_CastShadows: 1
  m_ReceiveShadows: 1
  m_DynamicOccludee: 1
  m_StaticShadowCaster: 0
  m_MotionVectors: 1
  m_LightProbeUsage: 1
  m_ReflectionProbeUsage: 1
  m_RayTracingMode: 2
  m_RayTraceProcedural: 0
  m_RenderingLayerMask: 1
  m_RendererPriority: 0
  m_Materials:
  - {fileID: 2100000, guid: abc00000000000554491704901614178, type: 2}
  - {fileID: 2100000, guid: abc00000000002587512127925578823, type: 2}
  - {fileID: 2100000, guid: abc00000000000618259655371204862, type: 2}
  - {fileID: 2100000, guid: abc00000000002478893055119326909, type: 2}
  m_StaticBatchInfo:
    firstSubMesh: 0
    subMeshCount: 0
  m_StaticBatchRoot: {fileID: 0}
  m_ProbeAnchor: {fileID: 0}
  m_LightProbeVolumeOverride: {fileID: 0}
  m_ScaleInLightmap: 1
  m_ReceiveGI: 1
  m_PreserveUVs: 1
  m_IgnoreNormalsForChartDetection: 0
  m_ImportantGI: 0
  m_StitchLightmapSeams: 1
  m_SelectedEditorRenderState: 3
  m_MinimumChartSize: 4
  m_AutoUVMaxDistance: 0.5
  m_AutoUVMaxAngle: 89
  m_LightmapParameters: {fileID: 0}
  m_SortingLayerID: 0
  m_SortingLayer: 0
  m_SortingOrder: 0
  m_AdditionalVertexStreams: {fileID: 0}
--- !u!33 &3502391948576932579
MeshFilter:
  m_ObjectHideFlags: 0
  m_CorrespondingSourceObject: {fileID: 0}
  m_PrefabInstance: {fileID: 0}
  m_PrefabAsset: {fileID: 0}
  m_GameObject: {fileID: 1417161452168792079}
  m_Mesh: {fileID: 4300002, guid: abc00000000013049492029817329554, type: 3}
--- !u!65 &4247652962797533090
BoxCollider:
  m_ObjectHideFlags: 0
  m_CorrespondingSourceObject: {fileID: 0}
  m_PrefabInstance: {fileID: 0}
  m_PrefabAsset: {fileID: 0}
  m_GameObject: {fileID: 1417161452168792079}
  m_Material: {fileID: 0}
  m_IncludeLayers:
    serializedVersion: 2
    m_Bits: 0
  m_ExcludeLayers:
    serializedVersion: 2
    m_Bits: 0
  m_LayerOverridePriority: 0
  m_IsTrigger: 0
  m_ProvidesContacts: 0
  m_Enabled: 1
  serializedVersion: 3
  m_Size: {x: 0.043670516, y: 0.630493, z: 0.40639293}
  m_Center: {x: 0.018508267, y: -0.10656237, z: 0.19986528}
--- !u!114 &4585922237923041335
MonoBehaviour:
  m_ObjectHideFlags: 0
  m_CorrespondingSourceObject: {fileID: 0}
  m_PrefabInstance: {fileID: 0}
  m_PrefabAsset: {fileID: 0}
  m_GameObject: {fileID: 1417161452168792079}
  m_Enabled: 0
  m_EditorHideFlags: 0
  m_Script: {fileID: 11500000, guid: 34ecc488e36747de8d483e940e7212ab, type: 3}
  m_Name: 
  m_EditorClassIdentifier: 
  complexMaskingMode: 0
  drawingMode: 1
  outlineLayer: 0
  outlineTargets:
  - IsVisible: 0
    CutoutMask: 8
    edgeDilateAmount: 5
    frontEdgeDilateAmount: 5
    backEdgeDilateAmount: 5
    renderer: {fileID: 7772324389651402526}
    SubmeshIndex: 0
    BoundsMode: 0
    Bounds:
      m_Center: {x: 0, y: 0, z: 0}
      m_Extent: {x: 0.5, y: 0.5, z: 0.5}
    CutoutThreshold: 0.5
    CullMode: 2
    cutoutTextureName: 
    DilateRenderingMode: 0
    cutoutTextureIndex: 0
  - IsVisible: 0
    CutoutMask: 8
    edgeDilateAmount: 5
    frontEdgeDilateAmount: 5
    backEdgeDilateAmount: 5
    renderer: {fileID: 7772324389651402526}
    SubmeshIndex: 1
    BoundsMode: 0
    Bounds:
      m_Center: {x: 0, y: 0, z: 0}
      m_Extent: {x: 0.5, y: 0.5, z: 0.5}
    CutoutThreshold: 0.5
    CullMode: 2
    cutoutTextureName: 
    DilateRenderingMode: 0
    cutoutTextureIndex: 0
  - IsVisible: 0
    CutoutMask: 8
    edgeDilateAmount: 5
    frontEdgeDilateAmount: 5
    backEdgeDilateAmount: 5
    renderer: {fileID: 7772324389651402526}
    SubmeshIndex: 2
    BoundsMode: 0
    Bounds:
      m_Center: {x: 0, y: 0, z: 0}
      m_Extent: {x: 0.5, y: 0.5, z: 0.5}
    CutoutThreshold: 0.5
    CullMode: 2
    cutoutTextureName: 
    DilateRenderingMode: 0
    cutoutTextureIndex: 0
  - IsVisible: 0
    CutoutMask: 8
    edgeDilateAmount: 5
    frontEdgeDilateAmount: 5
    backEdgeDilateAmount: 5
    renderer: {fileID: 7772324389651402526}
    SubmeshIndex: 3
    BoundsMode: 0
    Bounds:
      m_Center: {x: 0, y: 0, z: 0}
      m_Extent: {x: 0.5, y: 0.5, z: 0.5}
    CutoutThreshold: 0.5
    CullMode: 2
    cutoutTextureName: 
    DilateRenderingMode: 0
    cutoutTextureIndex: 0
  renderStyle: 1
  outlineParameters:
    enabled: 1
    color: {r: 0.015686275, g: 0.4862745, b: 1, a: 1}
    dilateShift: 1
    blurShift: 1
    fillPass:
      shader: {fileID: 0}
      serializedProperties: []
  backParameters:
    enabled: 1
    color: {r: 1, g: 0.92156863, b: 0.015686275, a: 1}
    dilateShift: 1
    blurShift: 1
    fillPass:
      shader: {fileID: 0}
      serializedProperties: []
  frontParameters:
    enabled: 1
    color: {r: 1, g: 0.92156863, b: 0.015686275, a: 1}
    dilateShift: 1
    blurShift: 1
    fillPass:
      shader: {fileID: 0}
      serializedProperties: []
--- !u!114 &5270488569001681996
MonoBehaviour:
  m_ObjectHideFlags: 0
  m_CorrespondingSourceObject: {fileID: 0}
  m_PrefabInstance: {fileID: 0}
  m_PrefabAsset: {fileID: 0}
  m_GameObject: {fileID: 1417161452168792079}
  m_Enabled: 1
  m_EditorHideFlags: 0
  m_Script: {fileID: 11500000, guid: 034bc47afcbf5e141a58d5c20b7808e4, type: 3}
  m_Name: 
  m_EditorClassIdentifier: 
--- !u!114 &8655219822066431422
MonoBehaviour:
  m_ObjectHideFlags: 0
  m_CorrespondingSourceObject: {fileID: 0}
  m_PrefabInstance: {fileID: 0}
  m_PrefabAsset: {fileID: 0}
  m_GameObject: {fileID: 1417161452168792079}
  m_Enabled: 0
  m_EditorHideFlags: 0
  m_Script: {fileID: 11500000, guid: b1dababc44054dae9fb0793bed13782d, type: 3}
  m_Name: 
  m_EditorClassIdentifier: 
  complexMaskingMode: 0
  drawingMode: 1
  outlineLayer: 0
  outlineTargets:
  - IsVisible: 0
    CutoutMask: 8
    edgeDilateAmount: 5
    frontEdgeDilateAmount: 5
    backEdgeDilateAmount: 5
    renderer: {fileID: 7772324389651402526}
    SubmeshIndex: 0
    BoundsMode: 0
    Bounds:
      m_Center: {x: 0, y: 0, z: 0}
      m_Extent: {x: 0.5, y: 0.5, z: 0.5}
    CutoutThreshold: 0.5
    CullMode: 2
    cutoutTextureName: 
    DilateRenderingMode: 0
    cutoutTextureIndex: 0
  - IsVisible: 0
    CutoutMask: 8
    edgeDilateAmount: 5
    frontEdgeDilateAmount: 5
    backEdgeDilateAmount: 5
    renderer: {fileID: 7772324389651402526}
    SubmeshIndex: 1
    BoundsMode: 0
    Bounds:
      m_Center: {x: 0, y: 0, z: 0}
      m_Extent: {x: 0.5, y: 0.5, z: 0.5}
    CutoutThreshold: 0.5
    CullMode: 2
    cutoutTextureName: 
    DilateRenderingMode: 0
    cutoutTextureIndex: 0
  - IsVisible: 0
    CutoutMask: 8
    edgeDilateAmount: 5
    frontEdgeDilateAmount: 5
    backEdgeDilateAmount: 5
    renderer: {fileID: 7772324389651402526}
    SubmeshIndex: 2
    BoundsMode: 0
    Bounds:
      m_Center: {x: 0, y: 0, z: 0}
      m_Extent: {x: 0.5, y: 0.5, z: 0.5}
    CutoutThreshold: 0.5
    CullMode: 2
    cutoutTextureName: 
    DilateRenderingMode: 0
    cutoutTextureIndex: 0
  - IsVisible: 0
    CutoutMask: 8
    edgeDilateAmount: 5
    frontEdgeDilateAmount: 5
    backEdgeDilateAmount: 5
    renderer: {fileID: 7772324389651402526}
    SubmeshIndex: 3
    BoundsMode: 0
    Bounds:
      m_Center: {x: 0, y: 0, z: 0}
      m_Extent: {x: 0.5, y: 0.5, z: 0.5}
    CutoutThreshold: 0.5
    CullMode: 2
    cutoutTextureName: 
    DilateRenderingMode: 0
    cutoutTextureIndex: 0
  renderStyle: 1
  outlineParameters:
    enabled: 1
    color: {r: 1, g: 0, b: 0, a: 1}
    dilateShift: 1
    blurShift: 1
    fillPass:
      shader: {fileID: 0}
      serializedProperties: []
  backParameters:
    enabled: 1
    color: {r: 1, g: 0.92156863, b: 0.015686275, a: 1}
    dilateShift: 1
    blurShift: 1
    fillPass:
      shader: {fileID: 0}
      serializedProperties: []
  frontParameters:
    enabled: 1
    color: {r: 1, g: 0.92156863, b: 0.015686275, a: 1}
    dilateShift: 1
    blurShift: 1
    fillPass:
      shader: {fileID: 0}
      serializedProperties: []
--- !u!114 &5670875621278849674
MonoBehaviour:
  m_ObjectHideFlags: 0
  m_CorrespondingSourceObject: {fileID: 0}
  m_PrefabInstance: {fileID: 0}
  m_PrefabAsset: {fileID: 0}
  m_GameObject: {fileID: 1417161452168792079}
  m_Enabled: 1
  m_EditorHideFlags: 0
  m_Script: {fileID: 11500000, guid: 9862e7dc2287478fb7add8b132cc90cf, type: 3}
  m_Name: 
  m_EditorClassIdentifier: 
--- !u!114 &8039673532381113778
MonoBehaviour:
  m_ObjectHideFlags: 0
  m_CorrespondingSourceObject: {fileID: 0}
  m_PrefabInstance: {fileID: 0}
  m_PrefabAsset: {fileID: 0}
  m_GameObject: {fileID: 1417161452168792079}
  m_Enabled: 1
  m_EditorHideFlags: 0
  m_Script: {fileID: 11500000, guid: eb3b34d678234b648bd08d0b50c65ba7, type: 3}
  m_Name: 
  m_EditorClassIdentifier: 
  ToolTip: <style=Interaction/Interact> to open/closed
--- !u!114 &1638944453707305179
MonoBehaviour:
  m_ObjectHideFlags: 0
  m_CorrespondingSourceObject: {fileID: 0}
  m_PrefabInstance: {fileID: 0}
  m_PrefabAsset: {fileID: 0}
  m_GameObject: {fileID: 1417161452168792079}
  m_Enabled: 1
  m_EditorHideFlags: 0
  m_Script: {fileID: 11500000, guid: cacd19cbb614e574ebd43e9db8974cc2, type: 3}
  m_Name: 
  m_EditorClassIdentifier: 
  _componentIndexCache: 255
  _addedNetworkObject: {fileID: 0}
  _networkObjectCache: {fileID: 0}
  OnObserverChange:
    m_PersistentCalls:
      m_Calls: []
  <OnInteractBefore>k__BackingField:
    m_PersistentCalls:
      m_Calls: []
  <OnInteract>k__BackingField:
    m_PersistentCalls:
      m_Calls:
      - m_Target: {fileID: 8647568620933291286}
        m_TargetAssemblyTypeName: UniwersalDrawerManager, Assembly-CSharp
        m_MethodName: InteractDrawer
        m_Mode: 3
        m_Arguments:
          m_ObjectArgument: {fileID: 0}
          m_ObjectArgumentAssemblyTypeName: UnityEngine.Object, UnityEngine
          m_IntArgument: 0
          m_FloatArgument: 0
          m_StringArgument: 
          m_BoolArgument: 0
        m_CallState: 2
  <OnInteractAfter>k__BackingField:
    m_PersistentCalls:
      m_Calls: []
  <OnFailedInteractionBefore>k__BackingField:
    m_PersistentCalls:
      m_Calls: []
  <OnFailedInteraction>k__BackingField:
    m_PersistentCalls:
      m_Calls: []
  <OnFailedInteractionAfter>k__BackingField:
    m_PersistentCalls:
      m_Calls: []
  <OnPointerEnter>k__BackingField:
    m_PersistentCalls:
      m_Calls: []
  <OnPointerExit>k__BackingField:
    m_PersistentCalls:
      m_Calls: []
  <OnServerInteractBefore>k__BackingField:
    m_PersistentCalls:
      m_Calls: []
  <OnServerInteract>k__BackingField:
    m_PersistentCalls:
      m_Calls: []
  <OnServerInteractAfter>k__BackingField:
    m_PersistentCalls:
      m_Calls: []
  <OnFailedLocalInteractBefore>k__BackingField:
    m_PersistentCalls:
      m_Calls: []
  <OnFailedLocalInteract>k__BackingField:
    m_PersistentCalls:
      m_Calls: []
  <OnFailedLocalInteractAfter>k__BackingField:
    m_PersistentCalls:
      m_Calls: []
  <OnLocalInteractBefore>k__BackingField:
    m_PersistentCalls:
      m_Calls: []
  <OnLocalInteract>k__BackingField:
    m_PersistentCalls:
      m_Calls: []
  <OnLocalInteractAfter>k__BackingField:
    m_PersistentCalls:
      m_Calls: []
  <OnFailedInteractBefore>k__BackingField:
    m_PersistentCalls:
      m_Calls: []
  <OnFailedInteract>k__BackingField:
    m_PersistentCalls:
      m_Calls: []
  <OnFailedInteractAfter>k__BackingField:
    m_PersistentCalls:
      m_Calls: []
--- !u!1 &3440997647922157957
GameObject:
  m_ObjectHideFlags: 0
  m_CorrespondingSourceObject: {fileID: 0}
  m_PrefabInstance: {fileID: 0}
  m_PrefabAsset: {fileID: 0}
  serializedVersion: 6
  m_Component:
  - component: {fileID: 5722188850666537049}
  - component: {fileID: 2147977485061608169}
  m_Layer: 0
  m_Name: Col (3)
  m_TagString: Untagged
  m_Icon: {fileID: 0}
  m_NavMeshLayer: 0
  m_StaticEditorFlags: 0
  m_IsActive: 1
--- !u!4 &5722188850666537049
Transform:
  m_ObjectHideFlags: 0
  m_CorrespondingSourceObject: {fileID: 0}
  m_PrefabInstance: {fileID: 0}
  m_PrefabAsset: {fileID: 0}
  m_GameObject: {fileID: 3440997647922157957}
  serializedVersion: 2
  m_LocalRotation: {x: -0, y: -0, z: -0, w: 1}
  m_LocalPosition: {x: -0.066, y: 1.831, z: -0.004}
  m_LocalScale: {x: 0.27110758, y: 0.09918602, z: 0.8348602}
  m_ConstrainProportionsScale: 0
  m_Children: []
  m_Father: {fileID: 2101518994477822619}
  m_LocalEulerAnglesHint: {x: 0, y: 0, z: 0}
--- !u!65 &2147977485061608169
BoxCollider:
  m_ObjectHideFlags: 0
  m_CorrespondingSourceObject: {fileID: 0}
  m_PrefabInstance: {fileID: 0}
  m_PrefabAsset: {fileID: 0}
  m_GameObject: {fileID: 3440997647922157957}
  m_Material: {fileID: 0}
  m_IncludeLayers:
    serializedVersion: 2
    m_Bits: 0
  m_ExcludeLayers:
    serializedVersion: 2
    m_Bits: 0
  m_LayerOverridePriority: 0
  m_IsTrigger: 0
  m_ProvidesContacts: 0
  m_Enabled: 1
  serializedVersion: 3
  m_Size: {x: 1, y: 1, z: 1}
  m_Center: {x: 0, y: 0, z: 0}
--- !u!1 &3948391072105030129
GameObject:
  m_ObjectHideFlags: 0
  m_CorrespondingSourceObject: {fileID: 0}
  m_PrefabInstance: {fileID: 0}
  m_PrefabAsset: {fileID: 0}
  serializedVersion: 6
  m_Component:
  - component: {fileID: 6250997750909990736}
  - component: {fileID: 4100017676697302494}
  m_Layer: 0
  m_Name: Col (9)
  m_TagString: Untagged
  m_Icon: {fileID: 0}
  m_NavMeshLayer: 0
  m_StaticEditorFlags: 0
  m_IsActive: 1
--- !u!4 &6250997750909990736
Transform:
  m_ObjectHideFlags: 0
  m_CorrespondingSourceObject: {fileID: 0}
  m_PrefabInstance: {fileID: 0}
  m_PrefabAsset: {fileID: 0}
  m_GameObject: {fileID: 3948391072105030129}
  serializedVersion: 2
  m_LocalRotation: {x: -0, y: -0, z: -0, w: 1}
  m_LocalPosition: {x: -0.002, y: 0.4637, z: -0.4317}
  m_LocalScale: {x: 0.42572024, y: 0.01989929, z: 0.86132526}
  m_ConstrainProportionsScale: 0
  m_Children: []
  m_Father: {fileID: 2101518994477822619}
  m_LocalEulerAnglesHint: {x: 0, y: 0, z: 0}
--- !u!65 &4100017676697302494
BoxCollider:
  m_ObjectHideFlags: 0
  m_CorrespondingSourceObject: {fileID: 0}
  m_PrefabInstance: {fileID: 0}
  m_PrefabAsset: {fileID: 0}
  m_GameObject: {fileID: 3948391072105030129}
  m_Material: {fileID: 0}
  m_IncludeLayers:
    serializedVersion: 2
    m_Bits: 0
  m_ExcludeLayers:
    serializedVersion: 2
    m_Bits: 0
  m_LayerOverridePriority: 0
  m_IsTrigger: 0
  m_ProvidesContacts: 0
  m_Enabled: 1
  serializedVersion: 3
  m_Size: {x: 0.64882356, y: 0.9651724, z: 0.45567742}
  m_Center: {x: -0.1474673, y: -0.017413778, z: 0.26192865}
--- !u!1 &4297880153858506776
GameObject:
  m_ObjectHideFlags: 0
  m_CorrespondingSourceObject: {fileID: 0}
  m_PrefabInstance: {fileID: 0}
  m_PrefabAsset: {fileID: 0}
  serializedVersion: 6
  m_Component:
  - component: {fileID: 2347126853773524329}
  - component: {fileID: 854894061532483645}
  m_Layer: 0
  m_Name: Col (2)
  m_TagString: Untagged
  m_Icon: {fileID: 0}
  m_NavMeshLayer: 0
  m_StaticEditorFlags: 0
  m_IsActive: 1
--- !u!4 &2347126853773524329
Transform:
  m_ObjectHideFlags: 0
  m_CorrespondingSourceObject: {fileID: 0}
  m_PrefabInstance: {fileID: 0}
  m_PrefabAsset: {fileID: 0}
  m_GameObject: {fileID: 4297880153858506776}
  serializedVersion: 2
  m_LocalRotation: {x: -0, y: -0, z: -0, w: 1}
  m_LocalPosition: {x: -0.066, y: 1.453, z: -0.004}
  m_LocalScale: {x: 0.27110758, y: 0.01989929, z: 0.8348602}
  m_ConstrainProportionsScale: 0
  m_Children: []
  m_Father: {fileID: 2101518994477822619}
  m_LocalEulerAnglesHint: {x: 0, y: 0, z: 0}
--- !u!65 &854894061532483645
BoxCollider:
  m_ObjectHideFlags: 0
  m_CorrespondingSourceObject: {fileID: 0}
  m_PrefabInstance: {fileID: 0}
  m_PrefabAsset: {fileID: 0}
  m_GameObject: {fileID: 4297880153858506776}
  m_Material: {fileID: 0}
  m_IncludeLayers:
    serializedVersion: 2
    m_Bits: 0
  m_ExcludeLayers:
    serializedVersion: 2
    m_Bits: 0
  m_LayerOverridePriority: 0
  m_IsTrigger: 0
  m_ProvidesContacts: 0
  m_Enabled: 1
  serializedVersion: 3
  m_Size: {x: 1, y: 1, z: 1}
  m_Center: {x: 0, y: 0, z: 0}
--- !u!1 &5195039383419951510
GameObject:
  m_ObjectHideFlags: 0
  m_CorrespondingSourceObject: {fileID: 0}
  m_PrefabInstance: {fileID: 0}
  m_PrefabAsset: {fileID: 0}
  serializedVersion: 6
  m_Component:
  - component: {fileID: 2403525944336403055}
  - component: {fileID: 2589153702626528721}
  - component: {fileID: 6954665140549130580}
  - component: {fileID: 5020603866767611516}
  - component: {fileID: 3109191105951780703}
  - component: {fileID: 5955137286935398609}
  - component: {fileID: 814266052034828584}
  - component: {fileID: 8488456799942504788}
  - component: {fileID: 3901930464961484192}
  - component: {fileID: 4318549601855344387}
  m_Layer: 0
  m_Name: SM_BookShelf_A1_Door2_LOD0
  m_TagString: Untagged
  m_Icon: {fileID: 0}
  m_NavMeshLayer: 0
  m_StaticEditorFlags: 0
  m_IsActive: 1
--- !u!4 &2403525944336403055
Transform:
  m_ObjectHideFlags: 0
  m_CorrespondingSourceObject: {fileID: 0}
  m_PrefabInstance: {fileID: 0}
  m_PrefabAsset: {fileID: 0}
  m_GameObject: {fileID: 5195039383419951510}
  serializedVersion: 2
  m_LocalRotation: {x: -0, y: -0, z: -0, w: 1}
  m_LocalPosition: {x: 0.19350478, y: 0.4074409, z: 0.40997395}
  m_LocalScale: {x: 1, y: 1, z: 0.91000015}
  m_ConstrainProportionsScale: 0
  m_Children: []
  m_Father: {fileID: 2101518994477822619}
  m_LocalEulerAnglesHint: {x: 0, y: 0, z: 0}
--- !u!23 &2589153702626528721
MeshRenderer:
  m_ObjectHideFlags: 0
  m_CorrespondingSourceObject: {fileID: 0}
  m_PrefabInstance: {fileID: 0}
  m_PrefabAsset: {fileID: 0}
  m_GameObject: {fileID: 5195039383419951510}
  m_Enabled: 1
  m_CastShadows: 1
  m_ReceiveShadows: 1
  m_DynamicOccludee: 1
  m_StaticShadowCaster: 0
  m_MotionVectors: 1
  m_LightProbeUsage: 1
  m_ReflectionProbeUsage: 1
  m_RayTracingMode: 2
  m_RayTraceProcedural: 0
  m_RenderingLayerMask: 1
  m_RendererPriority: 0
  m_Materials:
  - {fileID: 2100000, guid: abc00000000006957375211627192428, type: 2}
  m_StaticBatchInfo:
    firstSubMesh: 0
    subMeshCount: 0
  m_StaticBatchRoot: {fileID: 0}
  m_ProbeAnchor: {fileID: 0}
  m_LightProbeVolumeOverride: {fileID: 0}
  m_ScaleInLightmap: 1
  m_ReceiveGI: 1
  m_PreserveUVs: 1
  m_IgnoreNormalsForChartDetection: 0
  m_ImportantGI: 0
  m_StitchLightmapSeams: 1
  m_SelectedEditorRenderState: 3
  m_MinimumChartSize: 4
  m_AutoUVMaxDistance: 0.5
  m_AutoUVMaxAngle: 89
  m_LightmapParameters: {fileID: 0}
  m_SortingLayerID: 0
  m_SortingLayer: 0
  m_SortingOrder: 0
  m_AdditionalVertexStreams: {fileID: 0}
--- !u!33 &6954665140549130580
MeshFilter:
  m_ObjectHideFlags: 0
  m_CorrespondingSourceObject: {fileID: 0}
  m_PrefabInstance: {fileID: 0}
  m_PrefabAsset: {fileID: 0}
  m_GameObject: {fileID: 5195039383419951510}
  m_Mesh: {fileID: 4300002, guid: abc00000000015644309662963906075, type: 3}
--- !u!65 &5020603866767611516
BoxCollider:
  m_ObjectHideFlags: 0
  m_CorrespondingSourceObject: {fileID: 0}
  m_PrefabInstance: {fileID: 0}
  m_PrefabAsset: {fileID: 0}
  m_GameObject: {fileID: 5195039383419951510}
  m_Material: {fileID: 0}
  m_IncludeLayers:
    serializedVersion: 2
    m_Bits: 0
  m_ExcludeLayers:
    serializedVersion: 2
    m_Bits: 0
  m_LayerOverridePriority: 0
  m_IsTrigger: 0
  m_ProvidesContacts: 0
  m_Enabled: 1
  serializedVersion: 3
  m_Size: {x: 0.035465963, y: 0.6159651, z: 0.4559469}
  m_Center: {x: 0.00872393, y: 0.000000059604645, z: -0.22210632}
--- !u!114 &3109191105951780703
MonoBehaviour:
  m_ObjectHideFlags: 0
  m_CorrespondingSourceObject: {fileID: 0}
  m_PrefabInstance: {fileID: 0}
  m_PrefabAsset: {fileID: 0}
  m_GameObject: {fileID: 5195039383419951510}
  m_Enabled: 0
  m_EditorHideFlags: 0
  m_Script: {fileID: 11500000, guid: 34ecc488e36747de8d483e940e7212ab, type: 3}
  m_Name: 
  m_EditorClassIdentifier: 
  complexMaskingMode: 0
  drawingMode: 1
  outlineLayer: 0
  outlineTargets:
  - IsVisible: 0
    CutoutMask: 8
    edgeDilateAmount: 5
    frontEdgeDilateAmount: 5
    backEdgeDilateAmount: 5
    renderer: {fileID: 2589153702626528721}
    SubmeshIndex: 0
    BoundsMode: 0
    Bounds:
      m_Center: {x: 0, y: 0, z: 0}
      m_Extent: {x: 0.5, y: 0.5, z: 0.5}
    CutoutThreshold: 0.5
    CullMode: 2
    cutoutTextureName: 
    DilateRenderingMode: 0
    cutoutTextureIndex: 0
  renderStyle: 1
  outlineParameters:
    enabled: 1
    color: {r: 0.015686275, g: 0.4862745, b: 1, a: 1}
    dilateShift: 1
    blurShift: 1
    fillPass:
      shader: {fileID: 0}
      serializedProperties: []
  backParameters:
    enabled: 1
    color: {r: 1, g: 0.92156863, b: 0.015686275, a: 1}
    dilateShift: 1
    blurShift: 1
    fillPass:
      shader: {fileID: 0}
      serializedProperties: []
  frontParameters:
    enabled: 1
    color: {r: 1, g: 0.92156863, b: 0.015686275, a: 1}
    dilateShift: 1
    blurShift: 1
    fillPass:
      shader: {fileID: 0}
      serializedProperties: []
--- !u!114 &5955137286935398609
MonoBehaviour:
  m_ObjectHideFlags: 0
  m_CorrespondingSourceObject: {fileID: 0}
  m_PrefabInstance: {fileID: 0}
  m_PrefabAsset: {fileID: 0}
  m_GameObject: {fileID: 5195039383419951510}
  m_Enabled: 1
  m_EditorHideFlags: 0
  m_Script: {fileID: 11500000, guid: 034bc47afcbf5e141a58d5c20b7808e4, type: 3}
  m_Name: 
  m_EditorClassIdentifier: 
--- !u!114 &814266052034828584
MonoBehaviour:
  m_ObjectHideFlags: 0
  m_CorrespondingSourceObject: {fileID: 0}
  m_PrefabInstance: {fileID: 0}
  m_PrefabAsset: {fileID: 0}
  m_GameObject: {fileID: 5195039383419951510}
  m_Enabled: 0
  m_EditorHideFlags: 0
  m_Script: {fileID: 11500000, guid: b1dababc44054dae9fb0793bed13782d, type: 3}
  m_Name: 
  m_EditorClassIdentifier: 
  complexMaskingMode: 0
  drawingMode: 1
  outlineLayer: 0
  outlineTargets:
  - IsVisible: 0
    CutoutMask: 8
    edgeDilateAmount: 5
    frontEdgeDilateAmount: 5
    backEdgeDilateAmount: 5
    renderer: {fileID: 2589153702626528721}
    SubmeshIndex: 0
    BoundsMode: 0
    Bounds:
      m_Center: {x: 0, y: 0, z: 0}
      m_Extent: {x: 0.5, y: 0.5, z: 0.5}
    CutoutThreshold: 0.5
    CullMode: 2
    cutoutTextureName: 
    DilateRenderingMode: 0
    cutoutTextureIndex: 0
  renderStyle: 1
  outlineParameters:
    enabled: 1
    color: {r: 1, g: 0, b: 0, a: 1}
    dilateShift: 1
    blurShift: 1
    fillPass:
      shader: {fileID: 0}
      serializedProperties: []
  backParameters:
    enabled: 1
    color: {r: 1, g: 0.92156863, b: 0.015686275, a: 1}
    dilateShift: 1
    blurShift: 1
    fillPass:
      shader: {fileID: 0}
      serializedProperties: []
  frontParameters:
    enabled: 1
    color: {r: 1, g: 0.92156863, b: 0.015686275, a: 1}
    dilateShift: 1
    blurShift: 1
    fillPass:
      shader: {fileID: 0}
      serializedProperties: []
--- !u!114 &8488456799942504788
MonoBehaviour:
  m_ObjectHideFlags: 0
  m_CorrespondingSourceObject: {fileID: 0}
  m_PrefabInstance: {fileID: 0}
  m_PrefabAsset: {fileID: 0}
  m_GameObject: {fileID: 5195039383419951510}
  m_Enabled: 1
  m_EditorHideFlags: 0
  m_Script: {fileID: 11500000, guid: 9862e7dc2287478fb7add8b132cc90cf, type: 3}
  m_Name: 
  m_EditorClassIdentifier: 
--- !u!114 &3901930464961484192
MonoBehaviour:
  m_ObjectHideFlags: 0
  m_CorrespondingSourceObject: {fileID: 0}
  m_PrefabInstance: {fileID: 0}
  m_PrefabAsset: {fileID: 0}
  m_GameObject: {fileID: 5195039383419951510}
  m_Enabled: 1
  m_EditorHideFlags: 0
  m_Script: {fileID: 11500000, guid: eb3b34d678234b648bd08d0b50c65ba7, type: 3}
  m_Name: 
  m_EditorClassIdentifier: 
  ToolTip: <style=Interaction/Interact> to open/closed
--- !u!114 &4318549601855344387
MonoBehaviour:
  m_ObjectHideFlags: 0
  m_CorrespondingSourceObject: {fileID: 0}
  m_PrefabInstance: {fileID: 0}
  m_PrefabAsset: {fileID: 0}
  m_GameObject: {fileID: 5195039383419951510}
  m_Enabled: 1
  m_EditorHideFlags: 0
  m_Script: {fileID: 11500000, guid: cacd19cbb614e574ebd43e9db8974cc2, type: 3}
  m_Name: 
  m_EditorClassIdentifier: 
  _componentIndexCache: 255
  _addedNetworkObject: {fileID: 0}
  _networkObjectCache: {fileID: 0}
  OnObserverChange:
    m_PersistentCalls:
      m_Calls: []
  <OnInteractBefore>k__BackingField:
    m_PersistentCalls:
      m_Calls: []
  <OnInteract>k__BackingField:
    m_PersistentCalls:
      m_Calls:
      - m_Target: {fileID: 8647568620933291286}
        m_TargetAssemblyTypeName: UniwersalDrawerManager, Assembly-CSharp
        m_MethodName: InteractDrawer
        m_Mode: 3
        m_Arguments:
          m_ObjectArgument: {fileID: 0}
          m_ObjectArgumentAssemblyTypeName: UnityEngine.Object, UnityEngine
          m_IntArgument: 2
          m_FloatArgument: 0
          m_StringArgument: 
          m_BoolArgument: 0
        m_CallState: 2
  <OnInteractAfter>k__BackingField:
    m_PersistentCalls:
      m_Calls: []
  <OnFailedInteractionBefore>k__BackingField:
    m_PersistentCalls:
      m_Calls: []
  <OnFailedInteraction>k__BackingField:
    m_PersistentCalls:
      m_Calls: []
  <OnFailedInteractionAfter>k__BackingField:
    m_PersistentCalls:
      m_Calls: []
  <OnPointerEnter>k__BackingField:
    m_PersistentCalls:
      m_Calls: []
  <OnPointerExit>k__BackingField:
    m_PersistentCalls:
      m_Calls: []
  <OnServerInteractBefore>k__BackingField:
    m_PersistentCalls:
      m_Calls: []
  <OnServerInteract>k__BackingField:
    m_PersistentCalls:
      m_Calls: []
  <OnServerInteractAfter>k__BackingField:
    m_PersistentCalls:
      m_Calls: []
  <OnFailedLocalInteractBefore>k__BackingField:
    m_PersistentCalls:
      m_Calls: []
  <OnFailedLocalInteract>k__BackingField:
    m_PersistentCalls:
      m_Calls: []
  <OnFailedLocalInteractAfter>k__BackingField:
    m_PersistentCalls:
      m_Calls: []
  <OnLocalInteractBefore>k__BackingField:
    m_PersistentCalls:
      m_Calls: []
  <OnLocalInteract>k__BackingField:
    m_PersistentCalls:
      m_Calls: []
  <OnLocalInteractAfter>k__BackingField:
    m_PersistentCalls:
      m_Calls: []
  <OnFailedInteractBefore>k__BackingField:
    m_PersistentCalls:
      m_Calls: []
  <OnFailedInteract>k__BackingField:
    m_PersistentCalls:
      m_Calls: []
  <OnFailedInteractAfter>k__BackingField:
    m_PersistentCalls:
      m_Calls: []
--- !u!1 &5538268299398554799
GameObject:
  m_ObjectHideFlags: 0
  m_CorrespondingSourceObject: {fileID: 0}
  m_PrefabInstance: {fileID: 0}
  m_PrefabAsset: {fileID: 0}
  serializedVersion: 6
  m_Component:
  - component: {fileID: 5853753613699745146}
  - component: {fileID: 4070910124064492748}
  - component: {fileID: 4990213343322542367}
  m_Layer: 0
  m_Name: SM_Cabinet_D1_LOD0
  m_TagString: Untagged
  m_Icon: {fileID: 0}
  m_NavMeshLayer: 0
  m_StaticEditorFlags: 0
  m_IsActive: 1
--- !u!4 &5853753613699745146
Transform:
  m_ObjectHideFlags: 0
  m_CorrespondingSourceObject: {fileID: 0}
  m_PrefabInstance: {fileID: 0}
  m_PrefabAsset: {fileID: 0}
  m_GameObject: {fileID: 5538268299398554799}
  serializedVersion: 2
  m_LocalRotation: {x: -0, y: -0, z: -0, w: 1}
  m_LocalPosition: {x: 0, y: 0, z: 0}
  m_LocalScale: {x: 1, y: 1, z: 1}
  m_ConstrainProportionsScale: 0
  m_Children: []
  m_Father: {fileID: 2101518994477822619}
  m_LocalEulerAnglesHint: {x: 0, y: 0, z: 0}
--- !u!23 &4070910124064492748
MeshRenderer:
  m_ObjectHideFlags: 0
  m_CorrespondingSourceObject: {fileID: 0}
  m_PrefabInstance: {fileID: 0}
  m_PrefabAsset: {fileID: 0}
  m_GameObject: {fileID: 5538268299398554799}
  m_Enabled: 1
  m_CastShadows: 1
  m_ReceiveShadows: 1
  m_DynamicOccludee: 1
  m_StaticShadowCaster: 0
  m_MotionVectors: 1
  m_LightProbeUsage: 1
  m_ReflectionProbeUsage: 1
  m_RayTracingMode: 2
  m_RayTraceProcedural: 0
  m_RenderingLayerMask: 1
  m_RendererPriority: 0
  m_Materials:
  - {fileID: 2100000, guid: abc00000000000618259655371204862, type: 2}
  - {fileID: 2100000, guid: abc00000000010678252086116113703, type: 2}
  - {fileID: 2100000, guid: abc00000000012513988138103761576, type: 2}
  - {fileID: 2100000, guid: abc00000000006957375211627192428, type: 2}
  m_StaticBatchInfo:
    firstSubMesh: 0
    subMeshCount: 0
  m_StaticBatchRoot: {fileID: 0}
  m_ProbeAnchor: {fileID: 0}
  m_LightProbeVolumeOverride: {fileID: 0}
  m_ScaleInLightmap: 1
  m_ReceiveGI: 1
  m_PreserveUVs: 1
  m_IgnoreNormalsForChartDetection: 0
  m_ImportantGI: 0
  m_StitchLightmapSeams: 1
  m_SelectedEditorRenderState: 3
  m_MinimumChartSize: 4
  m_AutoUVMaxDistance: 0.5
  m_AutoUVMaxAngle: 89
  m_LightmapParameters: {fileID: 0}
  m_SortingLayerID: 0
  m_SortingLayer: 0
  m_SortingOrder: 0
  m_AdditionalVertexStreams: {fileID: 0}
--- !u!33 &4990213343322542367
MeshFilter:
  m_ObjectHideFlags: 0
  m_CorrespondingSourceObject: {fileID: 0}
  m_PrefabInstance: {fileID: 0}
  m_PrefabAsset: {fileID: 0}
  m_GameObject: {fileID: 5538268299398554799}
  m_Mesh: {fileID: 4300002, guid: abc00000000001538304477320478586, type: 3}
--- !u!1 &7182555895157815404
GameObject:
  m_ObjectHideFlags: 0
  m_CorrespondingSourceObject: {fileID: 0}
  m_PrefabInstance: {fileID: 0}
  m_PrefabAsset: {fileID: 0}
  serializedVersion: 6
  m_Component:
  - component: {fileID: 4782264830941672254}
  - component: {fileID: 4123569538161693814}
  m_Layer: 0
  m_Name: Col (4)
  m_TagString: Untagged
  m_Icon: {fileID: 0}
  m_NavMeshLayer: 0
  m_StaticEditorFlags: 0
  m_IsActive: 1
--- !u!4 &4782264830941672254
Transform:
  m_ObjectHideFlags: 0
  m_CorrespondingSourceObject: {fileID: 0}
  m_PrefabInstance: {fileID: 0}
  m_PrefabAsset: {fileID: 0}
  m_GameObject: {fileID: 7182555895157815404}
  serializedVersion: 2
  m_LocalRotation: {x: -0.70710576, y: -0, z: -0, w: 0.7071079}
  m_LocalPosition: {x: -0.066, y: 1.273, z: -0.418}
  m_LocalScale: {x: 0.27110758, y: 0.01989929, z: 1.0948358}
  m_ConstrainProportionsScale: 0
  m_Children: []
  m_Father: {fileID: 2101518994477822619}
  m_LocalEulerAnglesHint: {x: -90.00001, y: 0, z: 0}
--- !u!65 &4123569538161693814
BoxCollider:
  m_ObjectHideFlags: 0
  m_CorrespondingSourceObject: {fileID: 0}
  m_PrefabInstance: {fileID: 0}
  m_PrefabAsset: {fileID: 0}
  m_GameObject: {fileID: 7182555895157815404}
  m_Material: {fileID: 0}
  m_IncludeLayers:
    serializedVersion: 2
    m_Bits: 0
  m_ExcludeLayers:
    serializedVersion: 2
    m_Bits: 0
  m_LayerOverridePriority: 0
  m_IsTrigger: 0
  m_ProvidesContacts: 0
  m_Enabled: 1
  serializedVersion: 3
  m_Size: {x: 1, y: 1, z: 1}
  m_Center: {x: 0, y: 0, z: 0}
--- !u!1 &7744418853346165002
GameObject:
  m_ObjectHideFlags: 0
  m_CorrespondingSourceObject: {fileID: 0}
  m_PrefabInstance: {fileID: 0}
  m_PrefabAsset: {fileID: 0}
  serializedVersion: 6
  m_Component:
  - component: {fileID: 4201504015455565566}
  - component: {fileID: 2151370990927066916}
  - component: {fileID: 4694326225654217416}
  - component: {fileID: 7480484638153211500}
  - component: {fileID: 5291062281841979331}
  - component: {fileID: 6212273677604059466}
  - component: {fileID: 5573275131917777131}
  - component: {fileID: 6649278596663151180}
  - component: {fileID: 8206047041817964537}
  - component: {fileID: 8233746336477328837}
  m_Layer: 0
  m_Name: SM_Cabinet_D1_Door2_LOD0
  m_TagString: Untagged
  m_Icon: {fileID: 0}
  m_NavMeshLayer: 0
  m_StaticEditorFlags: 0
  m_IsActive: 1
--- !u!4 &4201504015455565566
Transform:
  m_ObjectHideFlags: 0
  m_CorrespondingSourceObject: {fileID: 0}
  m_PrefabInstance: {fileID: 0}
  m_PrefabAsset: {fileID: 0}
  m_GameObject: {fileID: 7744418853346165002}
  serializedVersion: 2
  m_LocalRotation: {x: -0, y: -0, z: -0, w: 1}
  m_LocalPosition: {x: 0.06725592, y: 1.5477049, z: 0.40111858}
  m_LocalScale: {x: 1, y: 1, z: 1}
  m_ConstrainProportionsScale: 0
  m_Children: []
  m_Father: {fileID: 2101518994477822619}
  m_LocalEulerAnglesHint: {x: 0, y: 0, z: 0}
--- !u!23 &2151370990927066916
MeshRenderer:
  m_ObjectHideFlags: 0
  m_CorrespondingSourceObject: {fileID: 0}
  m_PrefabInstance: {fileID: 0}
  m_PrefabAsset: {fileID: 0}
  m_GameObject: {fileID: 7744418853346165002}
  m_Enabled: 1
  m_CastShadows: 1
  m_ReceiveShadows: 1
  m_DynamicOccludee: 1
  m_StaticShadowCaster: 0
  m_MotionVectors: 1
  m_LightProbeUsage: 1
  m_ReflectionProbeUsage: 1
  m_RayTracingMode: 2
  m_RayTraceProcedural: 0
  m_RenderingLayerMask: 1
  m_RendererPriority: 0
  m_Materials:
  - {fileID: 2100000, guid: abc00000000000618259655371204862, type: 2}
  - {fileID: 2100000, guid: abc00000000000554491704901614178, type: 2}
  - {fileID: 2100000, guid: abc00000000002587512127925578823, type: 2}
  - {fileID: 2100000, guid: abc00000000018078089555941242243, type: 2}
  m_StaticBatchInfo:
    firstSubMesh: 0
    subMeshCount: 0
  m_StaticBatchRoot: {fileID: 0}
  m_ProbeAnchor: {fileID: 0}
  m_LightProbeVolumeOverride: {fileID: 0}
  m_ScaleInLightmap: 1
  m_ReceiveGI: 1
  m_PreserveUVs: 1
  m_IgnoreNormalsForChartDetection: 0
  m_ImportantGI: 0
  m_StitchLightmapSeams: 1
  m_SelectedEditorRenderState: 3
  m_MinimumChartSize: 4
  m_AutoUVMaxDistance: 0.5
  m_AutoUVMaxAngle: 89
  m_LightmapParameters: {fileID: 0}
  m_SortingLayerID: 0
  m_SortingLayer: 0
  m_SortingOrder: 0
  m_AdditionalVertexStreams: {fileID: 0}
--- !u!33 &4694326225654217416
MeshFilter:
  m_ObjectHideFlags: 0
  m_CorrespondingSourceObject: {fileID: 0}
  m_PrefabInstance: {fileID: 0}
  m_PrefabAsset: {fileID: 0}
  m_GameObject: {fileID: 7744418853346165002}
  m_Mesh: {fileID: 4300002, guid: abc00000000009616050368527988057, type: 3}
--- !u!65 &7480484638153211500
BoxCollider:
  m_ObjectHideFlags: 0
  m_CorrespondingSourceObject: {fileID: 0}
  m_PrefabInstance: {fileID: 0}
  m_PrefabAsset: {fileID: 0}
  m_GameObject: {fileID: 7744418853346165002}
  m_Material: {fileID: 0}
  m_IncludeLayers:
    serializedVersion: 2
    m_Bits: 0
  m_ExcludeLayers:
    serializedVersion: 2
    m_Bits: 0
  m_LayerOverridePriority: 0
  m_IsTrigger: 0
  m_ProvidesContacts: 0
  m_Enabled: 1
  serializedVersion: 3
  m_Size: {x: 0.043507088, y: 0.63130486, z: 0.4060393}
  m_Center: {x: 0.018426515, y: -0.10667002, z: -0.19968855}
--- !u!114 &5291062281841979331
MonoBehaviour:
  m_ObjectHideFlags: 0
  m_CorrespondingSourceObject: {fileID: 0}
  m_PrefabInstance: {fileID: 0}
  m_PrefabAsset: {fileID: 0}
  m_GameObject: {fileID: 7744418853346165002}
  m_Enabled: 0
  m_EditorHideFlags: 0
  m_Script: {fileID: 11500000, guid: 34ecc488e36747de8d483e940e7212ab, type: 3}
  m_Name: 
  m_EditorClassIdentifier: 
  complexMaskingMode: 0
  drawingMode: 1
  outlineLayer: 0
  outlineTargets:
  - IsVisible: 0
    CutoutMask: 8
    edgeDilateAmount: 5
    frontEdgeDilateAmount: 5
    backEdgeDilateAmount: 5
    renderer: {fileID: 2151370990927066916}
    SubmeshIndex: 0
    BoundsMode: 0
    Bounds:
      m_Center: {x: 0, y: 0, z: 0}
      m_Extent: {x: 0.5, y: 0.5, z: 0.5}
    CutoutThreshold: 0.5
    CullMode: 2
    cutoutTextureName: 
    DilateRenderingMode: 0
    cutoutTextureIndex: 0
  - IsVisible: 0
    CutoutMask: 8
    edgeDilateAmount: 5
    frontEdgeDilateAmount: 5
    backEdgeDilateAmount: 5
    renderer: {fileID: 2151370990927066916}
    SubmeshIndex: 1
    BoundsMode: 0
    Bounds:
      m_Center: {x: 0, y: 0, z: 0}
      m_Extent: {x: 0.5, y: 0.5, z: 0.5}
    CutoutThreshold: 0.5
    CullMode: 2
    cutoutTextureName: 
    DilateRenderingMode: 0
    cutoutTextureIndex: 0
  - IsVisible: 0
    CutoutMask: 8
    edgeDilateAmount: 5
    frontEdgeDilateAmount: 5
    backEdgeDilateAmount: 5
    renderer: {fileID: 2151370990927066916}
    SubmeshIndex: 2
    BoundsMode: 0
    Bounds:
      m_Center: {x: 0, y: 0, z: 0}
      m_Extent: {x: 0.5, y: 0.5, z: 0.5}
    CutoutThreshold: 0.5
    CullMode: 2
    cutoutTextureName: 
    DilateRenderingMode: 0
    cutoutTextureIndex: 0
  - IsVisible: 0
    CutoutMask: 8
    edgeDilateAmount: 5
    frontEdgeDilateAmount: 5
    backEdgeDilateAmount: 5
    renderer: {fileID: 2151370990927066916}
    SubmeshIndex: 3
    BoundsMode: 0
    Bounds:
      m_Center: {x: 0, y: 0, z: 0}
      m_Extent: {x: 0.5, y: 0.5, z: 0.5}
    CutoutThreshold: 0.5
    CullMode: 2
    cutoutTextureName: 
    DilateRenderingMode: 0
    cutoutTextureIndex: 0
  renderStyle: 1
  outlineParameters:
    enabled: 1
    color: {r: 0.015686275, g: 0.4862745, b: 1, a: 1}
    dilateShift: 1
    blurShift: 1
    fillPass:
      shader: {fileID: 0}
      serializedProperties: []
  backParameters:
    enabled: 1
    color: {r: 1, g: 0.92156863, b: 0.015686275, a: 1}
    dilateShift: 1
    blurShift: 1
    fillPass:
      shader: {fileID: 0}
      serializedProperties: []
  frontParameters:
    enabled: 1
    color: {r: 1, g: 0.92156863, b: 0.015686275, a: 1}
    dilateShift: 1
    blurShift: 1
    fillPass:
      shader: {fileID: 0}
      serializedProperties: []
--- !u!114 &6212273677604059466
MonoBehaviour:
  m_ObjectHideFlags: 0
  m_CorrespondingSourceObject: {fileID: 0}
  m_PrefabInstance: {fileID: 0}
  m_PrefabAsset: {fileID: 0}
  m_GameObject: {fileID: 7744418853346165002}
  m_Enabled: 1
  m_EditorHideFlags: 0
  m_Script: {fileID: 11500000, guid: 034bc47afcbf5e141a58d5c20b7808e4, type: 3}
  m_Name: 
  m_EditorClassIdentifier: 
--- !u!114 &5573275131917777131
MonoBehaviour:
  m_ObjectHideFlags: 0
  m_CorrespondingSourceObject: {fileID: 0}
  m_PrefabInstance: {fileID: 0}
  m_PrefabAsset: {fileID: 0}
  m_GameObject: {fileID: 7744418853346165002}
  m_Enabled: 0
  m_EditorHideFlags: 0
  m_Script: {fileID: 11500000, guid: b1dababc44054dae9fb0793bed13782d, type: 3}
  m_Name: 
  m_EditorClassIdentifier: 
  complexMaskingMode: 0
  drawingMode: 1
  outlineLayer: 0
  outlineTargets:
  - IsVisible: 0
    CutoutMask: 8
    edgeDilateAmount: 5
    frontEdgeDilateAmount: 5
    backEdgeDilateAmount: 5
    renderer: {fileID: 2151370990927066916}
    SubmeshIndex: 0
    BoundsMode: 0
    Bounds:
      m_Center: {x: 0, y: 0, z: 0}
      m_Extent: {x: 0.5, y: 0.5, z: 0.5}
    CutoutThreshold: 0.5
    CullMode: 2
    cutoutTextureName: 
    DilateRenderingMode: 0
    cutoutTextureIndex: 0
  - IsVisible: 0
    CutoutMask: 8
    edgeDilateAmount: 5
    frontEdgeDilateAmount: 5
    backEdgeDilateAmount: 5
    renderer: {fileID: 2151370990927066916}
    SubmeshIndex: 1
    BoundsMode: 0
    Bounds:
      m_Center: {x: 0, y: 0, z: 0}
      m_Extent: {x: 0.5, y: 0.5, z: 0.5}
    CutoutThreshold: 0.5
    CullMode: 2
    cutoutTextureName: 
    DilateRenderingMode: 0
    cutoutTextureIndex: 0
  - IsVisible: 0
    CutoutMask: 8
    edgeDilateAmount: 5
    frontEdgeDilateAmount: 5
    backEdgeDilateAmount: 5
    renderer: {fileID: 2151370990927066916}
    SubmeshIndex: 2
    BoundsMode: 0
    Bounds:
      m_Center: {x: 0, y: 0, z: 0}
      m_Extent: {x: 0.5, y: 0.5, z: 0.5}
    CutoutThreshold: 0.5
    CullMode: 2
    cutoutTextureName: 
    DilateRenderingMode: 0
    cutoutTextureIndex: 0
  - IsVisible: 0
    CutoutMask: 8
    edgeDilateAmount: 5
    frontEdgeDilateAmount: 5
    backEdgeDilateAmount: 5
    renderer: {fileID: 2151370990927066916}
    SubmeshIndex: 3
    BoundsMode: 0
    Bounds:
      m_Center: {x: 0, y: 0, z: 0}
      m_Extent: {x: 0.5, y: 0.5, z: 0.5}
    CutoutThreshold: 0.5
    CullMode: 2
    cutoutTextureName: 
    DilateRenderingMode: 0
    cutoutTextureIndex: 0
  renderStyle: 1
  outlineParameters:
    enabled: 1
    color: {r: 1, g: 0, b: 0, a: 1}
    dilateShift: 1
    blurShift: 1
    fillPass:
      shader: {fileID: 0}
      serializedProperties: []
  backParameters:
    enabled: 1
    color: {r: 1, g: 0.92156863, b: 0.015686275, a: 1}
    dilateShift: 1
    blurShift: 1
    fillPass:
      shader: {fileID: 0}
      serializedProperties: []
  frontParameters:
    enabled: 1
    color: {r: 1, g: 0.92156863, b: 0.015686275, a: 1}
    dilateShift: 1
    blurShift: 1
    fillPass:
      shader: {fileID: 0}
      serializedProperties: []
--- !u!114 &6649278596663151180
MonoBehaviour:
  m_ObjectHideFlags: 0
  m_CorrespondingSourceObject: {fileID: 0}
  m_PrefabInstance: {fileID: 0}
  m_PrefabAsset: {fileID: 0}
  m_GameObject: {fileID: 7744418853346165002}
  m_Enabled: 1
  m_EditorHideFlags: 0
  m_Script: {fileID: 11500000, guid: 9862e7dc2287478fb7add8b132cc90cf, type: 3}
  m_Name: 
  m_EditorClassIdentifier: 
--- !u!114 &8206047041817964537
MonoBehaviour:
  m_ObjectHideFlags: 0
  m_CorrespondingSourceObject: {fileID: 0}
  m_PrefabInstance: {fileID: 0}
  m_PrefabAsset: {fileID: 0}
  m_GameObject: {fileID: 7744418853346165002}
  m_Enabled: 1
  m_EditorHideFlags: 0
  m_Script: {fileID: 11500000, guid: eb3b34d678234b648bd08d0b50c65ba7, type: 3}
  m_Name: 
  m_EditorClassIdentifier: 
  ToolTip: <style=Interaction/Interact> to open/closed
--- !u!114 &8233746336477328837
MonoBehaviour:
  m_ObjectHideFlags: 0
  m_CorrespondingSourceObject: {fileID: 0}
  m_PrefabInstance: {fileID: 0}
  m_PrefabAsset: {fileID: 0}
  m_GameObject: {fileID: 7744418853346165002}
  m_Enabled: 1
  m_EditorHideFlags: 0
  m_Script: {fileID: 11500000, guid: cacd19cbb614e574ebd43e9db8974cc2, type: 3}
  m_Name: 
  m_EditorClassIdentifier: 
  _componentIndexCache: 255
  _addedNetworkObject: {fileID: 0}
  _networkObjectCache: {fileID: 0}
  OnObserverChange:
    m_PersistentCalls:
      m_Calls: []
  <OnInteractBefore>k__BackingField:
    m_PersistentCalls:
      m_Calls: []
  <OnInteract>k__BackingField:
    m_PersistentCalls:
      m_Calls:
      - m_Target: {fileID: 8647568620933291286}
        m_TargetAssemblyTypeName: UniwersalDrawerManager, Assembly-CSharp
        m_MethodName: InteractDrawer
        m_Mode: 3
        m_Arguments:
          m_ObjectArgument: {fileID: 0}
          m_ObjectArgumentAssemblyTypeName: UnityEngine.Object, UnityEngine
          m_IntArgument: 1
          m_FloatArgument: 0
          m_StringArgument: 
          m_BoolArgument: 0
        m_CallState: 2
  <OnInteractAfter>k__BackingField:
    m_PersistentCalls:
      m_Calls: []
  <OnFailedInteractionBefore>k__BackingField:
    m_PersistentCalls:
      m_Calls: []
  <OnFailedInteraction>k__BackingField:
    m_PersistentCalls:
      m_Calls: []
  <OnFailedInteractionAfter>k__BackingField:
    m_PersistentCalls:
      m_Calls: []
  <OnPointerEnter>k__BackingField:
    m_PersistentCalls:
      m_Calls: []
  <OnPointerExit>k__BackingField:
    m_PersistentCalls:
      m_Calls: []
  <OnServerInteractBefore>k__BackingField:
    m_PersistentCalls:
      m_Calls: []
  <OnServerInteract>k__BackingField:
    m_PersistentCalls:
      m_Calls: []
  <OnServerInteractAfter>k__BackingField:
    m_PersistentCalls:
      m_Calls: []
  <OnFailedLocalInteractBefore>k__BackingField:
    m_PersistentCalls:
      m_Calls: []
  <OnFailedLocalInteract>k__BackingField:
    m_PersistentCalls:
      m_Calls: []
  <OnFailedLocalInteractAfter>k__BackingField:
    m_PersistentCalls:
      m_Calls: []
  <OnLocalInteractBefore>k__BackingField:
    m_PersistentCalls:
      m_Calls: []
  <OnLocalInteract>k__BackingField:
    m_PersistentCalls:
      m_Calls: []
  <OnLocalInteractAfter>k__BackingField:
    m_PersistentCalls:
      m_Calls: []
  <OnFailedInteractBefore>k__BackingField:
    m_PersistentCalls:
      m_Calls: []
  <OnFailedInteract>k__BackingField:
    m_PersistentCalls:
      m_Calls: []
  <OnFailedInteractAfter>k__BackingField:
    m_PersistentCalls:
      m_Calls: []
--- !u!1 &7810015360754377834
GameObject:
  m_ObjectHideFlags: 0
  m_CorrespondingSourceObject: {fileID: 0}
  m_PrefabInstance: {fileID: 0}
  m_PrefabAsset: {fileID: 0}
  serializedVersion: 6
  m_Component:
  - component: {fileID: 2744374071028876754}
  - component: {fileID: 1954439149358157744}
  m_Layer: 0
  m_Name: Col (6)
  m_TagString: Untagged
  m_Icon: {fileID: 0}
  m_NavMeshLayer: 0
  m_StaticEditorFlags: 0
  m_IsActive: 1
--- !u!4 &2744374071028876754
Transform:
  m_ObjectHideFlags: 0
  m_CorrespondingSourceObject: {fileID: 0}
  m_PrefabInstance: {fileID: 0}
  m_PrefabAsset: {fileID: 0}
  m_GameObject: {fileID: 7810015360754377834}
  serializedVersion: 2
  m_LocalRotation: {x: -0, y: -0, z: -0, w: 1}
  m_LocalPosition: {x: -0.002, y: 0.766, z: -0.004}
  m_LocalScale: {x: 0.42572024, y: 0.01989929, z: 0.86132526}
  m_ConstrainProportionsScale: 0
  m_Children: []
  m_Father: {fileID: 2101518994477822619}
  m_LocalEulerAnglesHint: {x: 0, y: 0, z: 0}
--- !u!65 &1954439149358157744
BoxCollider:
  m_ObjectHideFlags: 0
  m_CorrespondingSourceObject: {fileID: 0}
  m_PrefabInstance: {fileID: 0}
  m_PrefabAsset: {fileID: 0}
  m_GameObject: {fileID: 7810015360754377834}
  m_Material: {fileID: 0}
  m_IncludeLayers:
    serializedVersion: 2
    m_Bits: 0
  m_ExcludeLayers:
    serializedVersion: 2
    m_Bits: 0
  m_LayerOverridePriority: 0
  m_IsTrigger: 0
  m_ProvidesContacts: 0
  m_Enabled: 1
  serializedVersion: 3
  m_Size: {x: 1, y: 1, z: 1}
  m_Center: {x: 0, y: 0, z: 0}
--- !u!1 &8376678976575345342
GameObject:
  m_ObjectHideFlags: 0
  m_CorrespondingSourceObject: {fileID: 0}
  m_PrefabInstance: {fileID: 0}
  m_PrefabAsset: {fileID: 0}
  serializedVersion: 6
  m_Component:
  - component: {fileID: 5053705331472138611}
  - component: {fileID: 2474846415580092708}
  m_Layer: 0
  m_Name: Col (8)
  m_TagString: Untagged
  m_Icon: {fileID: 0}
  m_NavMeshLayer: 0
  m_StaticEditorFlags: 0
  m_IsActive: 1
--- !u!4 &5053705331472138611
Transform:
  m_ObjectHideFlags: 0
  m_CorrespondingSourceObject: {fileID: 0}
  m_PrefabInstance: {fileID: 0}
  m_PrefabAsset: {fileID: 0}
  m_GameObject: {fileID: 8376678976575345342}
  serializedVersion: 2
  m_LocalRotation: {x: -0, y: -0, z: -0, w: 1}
  m_LocalPosition: {x: -0.002, y: 0.323, z: -0.004}
  m_LocalScale: {x: 0.42572024, y: 0.01989929, z: 0.86132526}
  m_ConstrainProportionsScale: 0
  m_Children: []
  m_Father: {fileID: 2101518994477822619}
  m_LocalEulerAnglesHint: {x: 0, y: 0, z: 0}
--- !u!65 &2474846415580092708
BoxCollider:
  m_ObjectHideFlags: 0
  m_CorrespondingSourceObject: {fileID: 0}
  m_PrefabInstance: {fileID: 0}
  m_PrefabAsset: {fileID: 0}
  m_GameObject: {fileID: 8376678976575345342}
  m_Material: {fileID: 0}
  m_IncludeLayers:
    serializedVersion: 2
    m_Bits: 0
  m_ExcludeLayers:
    serializedVersion: 2
    m_Bits: 0
  m_LayerOverridePriority: 0
  m_IsTrigger: 0
  m_ProvidesContacts: 0
  m_Enabled: 1
  serializedVersion: 3
  m_Size: {x: 0.64882356, y: 0.9651724, z: 0.42949402}
  m_Center: {x: -0.14746729, y: -0.017413778, z: 0.2488369}
--- !u!1 &8562880699285982479
GameObject:
  m_ObjectHideFlags: 0
  m_CorrespondingSourceObject: {fileID: 0}
  m_PrefabInstance: {fileID: 0}
  m_PrefabAsset: {fileID: 0}
  serializedVersion: 6
  m_Component:
  - component: {fileID: 8165996318659341660}
  - component: {fileID: 3416936688393043975}
  - component: {fileID: 1261128235555311251}
  - component: {fileID: 2615734492593894111}
  - component: {fileID: 1995857048016873818}
  - component: {fileID: 7109838555754673087}
  - component: {fileID: 4086403063791006746}
  - component: {fileID: 2992376897307901867}
  - component: {fileID: 1743998263351082582}
  - component: {fileID: 4472634295257022335}
  m_Layer: 0
  m_Name: SM_BookShelf_A1_Door1_LOD0
  m_TagString: Untagged
  m_Icon: {fileID: 0}
  m_NavMeshLayer: 0
  m_StaticEditorFlags: 0
  m_IsActive: 1
--- !u!4 &8165996318659341660
Transform:
  m_ObjectHideFlags: 0
  m_CorrespondingSourceObject: {fileID: 0}
  m_PrefabInstance: {fileID: 0}
  m_PrefabAsset: {fileID: 0}
  m_GameObject: {fileID: 8562880699285982479}
  serializedVersion: 2
  m_LocalRotation: {x: -0, y: -0, z: -0, w: 1}
  m_LocalPosition: {x: 0.19350538, y: 0.4074409, z: -0.40804985}
  m_LocalScale: {x: 1, y: 1, z: 0.91000015}
  m_ConstrainProportionsScale: 0
  m_Children: []
  m_Father: {fileID: 2101518994477822619}
  m_LocalEulerAnglesHint: {x: 0, y: 0, z: 0}
--- !u!23 &3416936688393043975
MeshRenderer:
  m_ObjectHideFlags: 0
  m_CorrespondingSourceObject: {fileID: 0}
  m_PrefabInstance: {fileID: 0}
  m_PrefabAsset: {fileID: 0}
  m_GameObject: {fileID: 8562880699285982479}
  m_Enabled: 1
  m_CastShadows: 1
  m_ReceiveShadows: 1
  m_DynamicOccludee: 1
  m_StaticShadowCaster: 0
  m_MotionVectors: 1
  m_LightProbeUsage: 1
  m_ReflectionProbeUsage: 1
  m_RayTracingMode: 2
  m_RayTraceProcedural: 0
  m_RenderingLayerMask: 1
  m_RendererPriority: 0
  m_Materials:
  - {fileID: 2100000, guid: abc00000000006957375211627192428, type: 2}
  m_StaticBatchInfo:
    firstSubMesh: 0
    subMeshCount: 0
  m_StaticBatchRoot: {fileID: 0}
  m_ProbeAnchor: {fileID: 0}
  m_LightProbeVolumeOverride: {fileID: 0}
  m_ScaleInLightmap: 1
  m_ReceiveGI: 1
  m_PreserveUVs: 1
  m_IgnoreNormalsForChartDetection: 0
  m_ImportantGI: 0
  m_StitchLightmapSeams: 1
  m_SelectedEditorRenderState: 3
  m_MinimumChartSize: 4
  m_AutoUVMaxDistance: 0.5
  m_AutoUVMaxAngle: 89
  m_LightmapParameters: {fileID: 0}
  m_SortingLayerID: 0
  m_SortingLayer: 0
  m_SortingOrder: 0
  m_AdditionalVertexStreams: {fileID: 0}
--- !u!33 &1261128235555311251
MeshFilter:
  m_ObjectHideFlags: 0
  m_CorrespondingSourceObject: {fileID: 0}
  m_PrefabInstance: {fileID: 0}
  m_PrefabAsset: {fileID: 0}
  m_GameObject: {fileID: 8562880699285982479}
  m_Mesh: {fileID: 4300002, guid: abc00000000016779611553774437680, type: 3}
--- !u!65 &2615734492593894111
BoxCollider:
  m_ObjectHideFlags: 0
  m_CorrespondingSourceObject: {fileID: 0}
  m_PrefabInstance: {fileID: 0}
  m_PrefabAsset: {fileID: 0}
  m_GameObject: {fileID: 8562880699285982479}
  m_Material: {fileID: 0}
  m_IncludeLayers:
    serializedVersion: 2
    m_Bits: 0
  m_ExcludeLayers:
    serializedVersion: 2
    m_Bits: 0
  m_LayerOverridePriority: 0
  m_IsTrigger: 0
  m_ProvidesContacts: 0
  m_Enabled: 1
  serializedVersion: 3
  m_Size: {x: 0.035026178, y: 0.6159651, z: 0.4562322}
  m_Center: {x: 0.0088667525, y: 0.000000059604645, z: 0.22236687}
--- !u!114 &1995857048016873818
MonoBehaviour:
  m_ObjectHideFlags: 0
  m_CorrespondingSourceObject: {fileID: 0}
  m_PrefabInstance: {fileID: 0}
  m_PrefabAsset: {fileID: 0}
  m_GameObject: {fileID: 8562880699285982479}
  m_Enabled: 0
  m_EditorHideFlags: 0
  m_Script: {fileID: 11500000, guid: 34ecc488e36747de8d483e940e7212ab, type: 3}
  m_Name: 
  m_EditorClassIdentifier: 
  complexMaskingMode: 0
  drawingMode: 1
  outlineLayer: 0
  outlineTargets:
  - IsVisible: 0
    CutoutMask: 8
    edgeDilateAmount: 5
    frontEdgeDilateAmount: 5
    backEdgeDilateAmount: 5
    renderer: {fileID: 3416936688393043975}
    SubmeshIndex: 0
    BoundsMode: 0
    Bounds:
      m_Center: {x: 0, y: 0, z: 0}
      m_Extent: {x: 0.5, y: 0.5, z: 0.5}
    CutoutThreshold: 0.5
    CullMode: 2
    cutoutTextureName: 
    DilateRenderingMode: 0
    cutoutTextureIndex: 0
  renderStyle: 1
  outlineParameters:
    enabled: 1
    color: {r: 0.015686275, g: 0.4862745, b: 1, a: 1}
    dilateShift: 1
    blurShift: 1
    fillPass:
      shader: {fileID: 0}
      serializedProperties: []
  backParameters:
    enabled: 1
    color: {r: 1, g: 0.92156863, b: 0.015686275, a: 1}
    dilateShift: 1
    blurShift: 1
    fillPass:
      shader: {fileID: 0}
      serializedProperties: []
  frontParameters:
    enabled: 1
    color: {r: 1, g: 0.92156863, b: 0.015686275, a: 1}
    dilateShift: 1
    blurShift: 1
    fillPass:
      shader: {fileID: 0}
      serializedProperties: []
--- !u!114 &7109838555754673087
MonoBehaviour:
  m_ObjectHideFlags: 0
  m_CorrespondingSourceObject: {fileID: 0}
  m_PrefabInstance: {fileID: 0}
  m_PrefabAsset: {fileID: 0}
  m_GameObject: {fileID: 8562880699285982479}
  m_Enabled: 1
  m_EditorHideFlags: 0
  m_Script: {fileID: 11500000, guid: 034bc47afcbf5e141a58d5c20b7808e4, type: 3}
  m_Name: 
  m_EditorClassIdentifier: 
--- !u!114 &4086403063791006746
MonoBehaviour:
  m_ObjectHideFlags: 0
  m_CorrespondingSourceObject: {fileID: 0}
  m_PrefabInstance: {fileID: 0}
  m_PrefabAsset: {fileID: 0}
  m_GameObject: {fileID: 8562880699285982479}
  m_Enabled: 0
  m_EditorHideFlags: 0
  m_Script: {fileID: 11500000, guid: b1dababc44054dae9fb0793bed13782d, type: 3}
  m_Name: 
  m_EditorClassIdentifier: 
  complexMaskingMode: 0
  drawingMode: 1
  outlineLayer: 0
  outlineTargets:
  - IsVisible: 0
    CutoutMask: 8
    edgeDilateAmount: 5
    frontEdgeDilateAmount: 5
    backEdgeDilateAmount: 5
    renderer: {fileID: 3416936688393043975}
    SubmeshIndex: 0
    BoundsMode: 0
    Bounds:
      m_Center: {x: 0, y: 0, z: 0}
      m_Extent: {x: 0.5, y: 0.5, z: 0.5}
    CutoutThreshold: 0.5
    CullMode: 2
    cutoutTextureName: 
    DilateRenderingMode: 0
    cutoutTextureIndex: 0
  renderStyle: 1
  outlineParameters:
    enabled: 1
    color: {r: 1, g: 0, b: 0, a: 1}
    dilateShift: 1
    blurShift: 1
    fillPass:
      shader: {fileID: 0}
      serializedProperties: []
  backParameters:
    enabled: 1
    color: {r: 1, g: 0.92156863, b: 0.015686275, a: 1}
    dilateShift: 1
    blurShift: 1
    fillPass:
      shader: {fileID: 0}
      serializedProperties: []
  frontParameters:
    enabled: 1
    color: {r: 1, g: 0.92156863, b: 0.015686275, a: 1}
    dilateShift: 1
    blurShift: 1
    fillPass:
      shader: {fileID: 0}
      serializedProperties: []
--- !u!114 &2992376897307901867
MonoBehaviour:
  m_ObjectHideFlags: 0
  m_CorrespondingSourceObject: {fileID: 0}
  m_PrefabInstance: {fileID: 0}
  m_PrefabAsset: {fileID: 0}
  m_GameObject: {fileID: 8562880699285982479}
  m_Enabled: 1
  m_EditorHideFlags: 0
  m_Script: {fileID: 11500000, guid: 9862e7dc2287478fb7add8b132cc90cf, type: 3}
  m_Name: 
  m_EditorClassIdentifier: 
--- !u!114 &1743998263351082582
MonoBehaviour:
  m_ObjectHideFlags: 0
  m_CorrespondingSourceObject: {fileID: 0}
  m_PrefabInstance: {fileID: 0}
  m_PrefabAsset: {fileID: 0}
  m_GameObject: {fileID: 8562880699285982479}
  m_Enabled: 1
  m_EditorHideFlags: 0
  m_Script: {fileID: 11500000, guid: eb3b34d678234b648bd08d0b50c65ba7, type: 3}
  m_Name: 
  m_EditorClassIdentifier: 
  ToolTip: <style=Interaction/Interact> to open/closed
--- !u!114 &4472634295257022335
MonoBehaviour:
  m_ObjectHideFlags: 0
  m_CorrespondingSourceObject: {fileID: 0}
  m_PrefabInstance: {fileID: 0}
  m_PrefabAsset: {fileID: 0}
  m_GameObject: {fileID: 8562880699285982479}
  m_Enabled: 1
  m_EditorHideFlags: 0
  m_Script: {fileID: 11500000, guid: cacd19cbb614e574ebd43e9db8974cc2, type: 3}
  m_Name: 
  m_EditorClassIdentifier: 
  _componentIndexCache: 255
  _addedNetworkObject: {fileID: 0}
  _networkObjectCache: {fileID: 0}
  OnObserverChange:
    m_PersistentCalls:
      m_Calls: []
  <OnInteractBefore>k__BackingField:
    m_PersistentCalls:
      m_Calls: []
  <OnInteract>k__BackingField:
    m_PersistentCalls:
      m_Calls:
      - m_Target: {fileID: 8647568620933291286}
        m_TargetAssemblyTypeName: UniwersalDrawerManager, Assembly-CSharp
        m_MethodName: InteractDrawer
        m_Mode: 3
        m_Arguments:
          m_ObjectArgument: {fileID: 0}
          m_ObjectArgumentAssemblyTypeName: UnityEngine.Object, UnityEngine
          m_IntArgument: 3
          m_FloatArgument: 0
          m_StringArgument: 
          m_BoolArgument: 0
        m_CallState: 2
  <OnInteractAfter>k__BackingField:
    m_PersistentCalls:
      m_Calls: []
  <OnFailedInteractionBefore>k__BackingField:
    m_PersistentCalls:
      m_Calls: []
  <OnFailedInteraction>k__BackingField:
    m_PersistentCalls:
      m_Calls: []
  <OnFailedInteractionAfter>k__BackingField:
    m_PersistentCalls:
      m_Calls: []
  <OnPointerEnter>k__BackingField:
    m_PersistentCalls:
      m_Calls: []
  <OnPointerExit>k__BackingField:
    m_PersistentCalls:
      m_Calls: []
  <OnServerInteractBefore>k__BackingField:
    m_PersistentCalls:
      m_Calls: []
  <OnServerInteract>k__BackingField:
    m_PersistentCalls:
      m_Calls: []
  <OnServerInteractAfter>k__BackingField:
    m_PersistentCalls:
      m_Calls: []
  <OnFailedLocalInteractBefore>k__BackingField:
    m_PersistentCalls:
      m_Calls: []
  <OnFailedLocalInteract>k__BackingField:
    m_PersistentCalls:
      m_Calls: []
  <OnFailedLocalInteractAfter>k__BackingField:
    m_PersistentCalls:
      m_Calls: []
  <OnLocalInteractBefore>k__BackingField:
    m_PersistentCalls:
      m_Calls: []
  <OnLocalInteract>k__BackingField:
    m_PersistentCalls:
      m_Calls: []
  <OnLocalInteractAfter>k__BackingField:
    m_PersistentCalls:
      m_Calls: []
  <OnFailedInteractBefore>k__BackingField:
    m_PersistentCalls:
      m_Calls: []
  <OnFailedInteract>k__BackingField:
    m_PersistentCalls:
      m_Calls: []
  <OnFailedInteractAfter>k__BackingField:
    m_PersistentCalls:
      m_Calls: []
--- !u!1 &8984266930569356761
GameObject:
  m_ObjectHideFlags: 0
  m_CorrespondingSourceObject: {fileID: 0}
  m_PrefabInstance: {fileID: 0}
  m_PrefabAsset: {fileID: 0}
  serializedVersion: 6
  m_Component:
  - component: {fileID: 8072433164282680135}
  - component: {fileID: 8555058393549996459}
  m_Layer: 0
  m_Name: Col
  m_TagString: Untagged
  m_Icon: {fileID: 0}
  m_NavMeshLayer: 0
  m_StaticEditorFlags: 0
  m_IsActive: 1
--- !u!4 &8072433164282680135
Transform:
  m_ObjectHideFlags: 0
  m_CorrespondingSourceObject: {fileID: 0}
  m_PrefabInstance: {fileID: 0}
  m_PrefabAsset: {fileID: 0}
  m_GameObject: {fileID: 8984266930569356761}
  serializedVersion: 2
  m_LocalRotation: {x: -0, y: -0, z: -0, w: 1}
  m_LocalPosition: {x: -0.023, y: 0.382, z: -0.004}
  m_LocalScale: {x: 0.4407445, y: 0.7804982, z: 0.8348602}
  m_ConstrainProportionsScale: 0
  m_Children: []
  m_Father: {fileID: 2101518994477822619}
  m_LocalEulerAnglesHint: {x: 0, y: 0, z: 0}
--- !u!65 &8555058393549996459
BoxCollider:
  m_ObjectHideFlags: 0
  m_CorrespondingSourceObject: {fileID: 0}
  m_PrefabInstance: {fileID: 0}
  m_PrefabAsset: {fileID: 0}
  m_GameObject: {fileID: 8984266930569356761}
  m_Material: {fileID: 0}
  m_IncludeLayers:
    serializedVersion: 2
    m_Bits: 0
  m_ExcludeLayers:
    serializedVersion: 2
    m_Bits: 0
  m_LayerOverridePriority: 0
  m_IsTrigger: 0
  m_ProvidesContacts: 0
  m_Enabled: 1
  serializedVersion: 3
  m_Size: {x: 0.97148013, y: 1.0058684, z: 0.04220143}
  m_Center: {x: -0.0142606655, y: -0.0029337695, z: -0.4788992}
--- !u!1 &9133584994573455446
GameObject:
  m_ObjectHideFlags: 0
  m_CorrespondingSourceObject: {fileID: 0}
  m_PrefabInstance: {fileID: 0}
  m_PrefabAsset: {fileID: 0}
  serializedVersion: 6
  m_Component:
  - component: {fileID: 3318607569445872538}
  - component: {fileID: 1986365954103848779}
  m_Layer: 0
  m_Name: Col (10)
  m_TagString: Untagged
  m_Icon: {fileID: 0}
  m_NavMeshLayer: 0
  m_StaticEditorFlags: 0
  m_IsActive: 1
--- !u!4 &3318607569445872538
Transform:
  m_ObjectHideFlags: 0
  m_CorrespondingSourceObject: {fileID: 0}
  m_PrefabInstance: {fileID: 0}
  m_PrefabAsset: {fileID: 0}
  m_GameObject: {fileID: 9133584994573455446}
  serializedVersion: 2
  m_LocalRotation: {x: -0, y: -0, z: -0, w: 1}
  m_LocalPosition: {x: -0.002, y: 0.0977, z: -0.4317}
  m_LocalScale: {x: 0.42572024, y: 0.01989929, z: 0.86132526}
  m_ConstrainProportionsScale: 0
  m_Children: []
  m_Father: {fileID: 2101518994477822619}
  m_LocalEulerAnglesHint: {x: 0, y: 0, z: 0}
--- !u!65 &1986365954103848779
BoxCollider:
  m_ObjectHideFlags: 0
  m_CorrespondingSourceObject: {fileID: 0}
  m_PrefabInstance: {fileID: 0}
  m_PrefabAsset: {fileID: 0}
  m_GameObject: {fileID: 9133584994573455446}
  m_Material: {fileID: 0}
  m_IncludeLayers:
    serializedVersion: 2
    m_Bits: 0
  m_ExcludeLayers:
    serializedVersion: 2
    m_Bits: 0
  m_LayerOverridePriority: 0
  m_IsTrigger: 0
  m_ProvidesContacts: 0
  m_Enabled: 1
  serializedVersion: 3
  m_Size: {x: 0.91965425, y: 0.34641403, z: 0.92543864}
  m_Center: {x: -0.012051637, y: 0.29196528, z: 0.49918315}
--- !u!1 &9220192057804415979
GameObject:
  m_ObjectHideFlags: 0
  m_CorrespondingSourceObject: {fileID: 0}
  m_PrefabInstance: {fileID: 0}
  m_PrefabAsset: {fileID: 0}
  serializedVersion: 6
  m_Component:
  - component: {fileID: 2101518994477822619}
  - component: {fileID: 8657738389986149349}
  - component: {fileID: 2362084219541664636}
  - component: {fileID: 8647568620933291286}
  m_Layer: 0
  m_Name: SM_Cabinet_D1
  m_TagString: Untagged
  m_Icon: {fileID: 0}
  m_NavMeshLayer: 0
  m_StaticEditorFlags: 0
  m_IsActive: 1
--- !u!4 &2101518994477822619
Transform:
  m_ObjectHideFlags: 0
  m_CorrespondingSourceObject: {fileID: 0}
  m_PrefabInstance: {fileID: 0}
  m_PrefabAsset: {fileID: 0}
  m_GameObject: {fileID: 9220192057804415979}
  serializedVersion: 2
  m_LocalRotation: {x: -0, y: -0.7071068, z: -0, w: 0.7071068}
  m_LocalPosition: {x: 50.677, y: -0.11711407, z: 24.884884}
  m_LocalScale: {x: 1, y: 1, z: 1}
  m_ConstrainProportionsScale: 0
  m_Children:
  - {fileID: 8909232213289411249}
  - {fileID: 4201504015455565566}
  - {fileID: 2403525944336403055}
  - {fileID: 8165996318659341660}
  - {fileID: 5853753613699745146}
  - {fileID: 8072433164282680135}
  - {fileID: 9011602123432854311}
  - {fileID: 9171366816585851677}
  - {fileID: 2347126853773524329}
  - {fileID: 5722188850666537049}
  - {fileID: 4782264830941672254}
  - {fileID: 3645076239268415430}
  - {fileID: 2744374071028876754}
  - {fileID: 5053705331472138611}
  - {fileID: 6250997750909990736}
  - {fileID: 3318607569445872538}
  m_Father: {fileID: 0}
  m_LocalEulerAnglesHint: {x: 0, y: -90, z: 0}
--- !u!23 &8657738389986149349
MeshRenderer:
  m_ObjectHideFlags: 0
  m_CorrespondingSourceObject: {fileID: 0}
  m_PrefabInstance: {fileID: 0}
  m_PrefabAsset: {fileID: 0}
  m_GameObject: {fileID: 9220192057804415979}
  m_Enabled: 1
  m_CastShadows: 1
  m_ReceiveShadows: 1
  m_DynamicOccludee: 1
  m_StaticShadowCaster: 0
  m_MotionVectors: 1
  m_LightProbeUsage: 1
  m_ReflectionProbeUsage: 1
  m_RayTracingMode: 2
  m_RayTraceProcedural: 0
  m_RenderingLayerMask: 1
  m_RendererPriority: 0
  m_Materials:
  - {fileID: 2100000, guid: abc00000000000618259655371204862, type: 2}
  - {fileID: 2100000, guid: abc00000000010678252086116113703, type: 2}
  - {fileID: 2100000, guid: abc00000000012513988138103761576, type: 2}
  - {fileID: 2100000, guid: abc00000000006957375211627192428, type: 2}
  m_StaticBatchInfo:
    firstSubMesh: 0
    subMeshCount: 0
  m_StaticBatchRoot: {fileID: 0}
  m_ProbeAnchor: {fileID: 0}
  m_LightProbeVolumeOverride: {fileID: 0}
  m_ScaleInLightmap: 1
  m_ReceiveGI: 1
  m_PreserveUVs: 1
  m_IgnoreNormalsForChartDetection: 0
  m_ImportantGI: 0
  m_StitchLightmapSeams: 1
  m_SelectedEditorRenderState: 3
  m_MinimumChartSize: 4
  m_AutoUVMaxDistance: 0.5
  m_AutoUVMaxAngle: 89
  m_LightmapParameters: {fileID: 0}
  m_SortingLayerID: 0
  m_SortingLayer: 0
  m_SortingOrder: 0
  m_AdditionalVertexStreams: {fileID: 0}
--- !u!33 &2362084219541664636
MeshFilter:
  m_ObjectHideFlags: 0
  m_CorrespondingSourceObject: {fileID: 0}
  m_PrefabInstance: {fileID: 0}
  m_PrefabAsset: {fileID: 0}
  m_GameObject: {fileID: 9220192057804415979}
  m_Mesh: {fileID: 4300002, guid: abc00000000001538304477320478586, type: 3}
--- !u!114 &8647568620933291286
MonoBehaviour:
  m_ObjectHideFlags: 0
  m_CorrespondingSourceObject: {fileID: 0}
  m_PrefabInstance: {fileID: 0}
  m_PrefabAsset: {fileID: 0}
  m_GameObject: {fileID: 9220192057804415979}
  m_Enabled: 1
  m_EditorHideFlags: 0
  m_Script: {fileID: 11500000, guid: 0d6e41e59c7e35040baccb50a7999f7b, type: 3}
  m_Name: 
  m_EditorClassIdentifier: 
  _elements:
  - isLocked: 0
    visual: {fileID: 8909232213289411249}
    isOpen: 0
    isDrawer: 0
    origin: {x: 0, y: 0, z: 0}
    destination: {x: 0, y: 90, z: 0}
    audioClipOpen: {fileID: 8300000, guid: 50871aead3fd0544b8206bd96599cc28, type: 3}
    audioClipClose: {fileID: 8300000, guid: 78a484a06a96eb245a05287090ee6d5a, type: 3}
  - isLocked: 0
    visual: {fileID: 4201504015455565566}
    isOpen: 0
    isDrawer: 0
    origin: {x: 0, y: 0, z: 0}
    destination: {x: 0, y: -90, z: 0}
    audioClipOpen: {fileID: 8300000, guid: 50871aead3fd0544b8206bd96599cc28, type: 3}
    audioClipClose: {fileID: 8300000, guid: 78a484a06a96eb245a05287090ee6d5a, type: 3}
  - isLocked: 0
    visual: {fileID: 2403525944336403055}
    isOpen: 0
    isDrawer: 0
    origin: {x: 0, y: 0, z: 0}
    destination: {x: 0, y: -90, z: 0}
    audioClipOpen: {fileID: 8300000, guid: 50871aead3fd0544b8206bd96599cc28, type: 3}
    audioClipClose: {fileID: 8300000, guid: 78a484a06a96eb245a05287090ee6d5a, type: 3}
  - isLocked: 0
    visual: {fileID: 8165996318659341660}
    isOpen: 0
    isDrawer: 0
    origin: {x: 0, y: 0, z: 0}
    destination: {x: 0, y: 90, z: 0}
    audioClipOpen: {fileID: 8300000, guid: 50871aead3fd0544b8206bd96599cc28, type: 3}
    audioClipClose: {fileID: 8300000, guid: 78a484a06a96eb245a05287090ee6d5a, type: 3}
  _monologue: {fileID: 11400000, guid: c43bd84fb73897041a413d4dcb3097d6, type: 2}
  _time: 0.5
  player: {fileID: 0}
