%YAML 1.1
%TAG !u! tag:unity3d.com,2011:
--- !u!1 &518337855586968550
GameObject:
  m_ObjectHideFlags: 0
  m_CorrespondingSourceObject: {fileID: 0}
  m_PrefabInstance: {fileID: 0}
  m_PrefabAsset: {fileID: 0}
  serializedVersion: 6
  m_Component:
  - component: {fileID: 161508844002147891}
  - component: {fileID: 1288593683211479529}
  - component: {fileID: 5164451910655379974}
  - component: {fileID: 8924286602764824402}
  - component: {fileID: 5056684657788658334}
  - component: {fileID: 1205825113611872119}
  - component: {fileID: 8612806193163973669}
  - component: {fileID: 5853021355995701670}
  - component: {fileID: 7173392525568635318}
  - component: {fileID: 995472244434495794}
  m_Layer: 0
  m_Name: SM_Shelf_TV_A1_Door1_LOD0
  m_TagString: Untagged
  m_Icon: {fileID: 0}
  m_NavMeshLayer: 0
  m_StaticEditorFlags: 0
  m_IsActive: 1
--- !u!4 &161508844002147891
Transform:
  m_ObjectHideFlags: 0
  m_CorrespondingSourceObject: {fileID: 0}
  m_PrefabInstance: {fileID: 0}
  m_PrefabAsset: {fileID: 0}
  m_GameObject: {fileID: 518337855586968550}
  serializedVersion: 2
  m_LocalRotation: {x: 0, y: 0, z: 0, w: 1}
  m_LocalPosition: {x: 0, y: 0, z: 0}
  m_LocalScale: {x: 1, y: 1, z: 1}
  m_ConstrainProportionsScale: 0
  m_Children: []
  m_Father: {fileID: 721635583895282374}
  m_LocalEulerAnglesHint: {x: 0, y: 0, z: 0}
--- !u!23 &1288593683211479529
MeshRenderer:
  m_ObjectHideFlags: 0
  m_CorrespondingSourceObject: {fileID: 0}
  m_PrefabInstance: {fileID: 0}
  m_PrefabAsset: {fileID: 0}
  m_GameObject: {fileID: 518337855586968550}
  m_Enabled: 1
  m_CastShadows: 1
  m_ReceiveShadows: 1
  m_DynamicOccludee: 1
  m_StaticShadowCaster: 0
  m_MotionVectors: 1
  m_LightProbeUsage: 1
  m_ReflectionProbeUsage: 1
  m_RayTracingMode: 2
  m_RayTraceProcedural: 0
  m_RenderingLayerMask: 1
  m_RendererPriority: 0
  m_Materials:
  - {fileID: 2100000, guid: abc00000000000618259655371204862, type: 2}
  m_StaticBatchInfo:
    firstSubMesh: 0
    subMeshCount: 0
  m_StaticBatchRoot: {fileID: 0}
  m_ProbeAnchor: {fileID: 0}
  m_LightProbeVolumeOverride: {fileID: 0}
  m_ScaleInLightmap: 1
  m_ReceiveGI: 1
  m_PreserveUVs: 1
  m_IgnoreNormalsForChartDetection: 0
  m_ImportantGI: 0
  m_StitchLightmapSeams: 1
  m_SelectedEditorRenderState: 3
  m_MinimumChartSize: 4
  m_AutoUVMaxDistance: 0.5
  m_AutoUVMaxAngle: 89
  m_LightmapParameters: {fileID: 0}
  m_SortingLayerID: 0
  m_SortingLayer: 0
  m_SortingOrder: 0
  m_AdditionalVertexStreams: {fileID: 0}
--- !u!33 &5164451910655379974
MeshFilter:
  m_ObjectHideFlags: 0
  m_CorrespondingSourceObject: {fileID: 0}
  m_PrefabInstance: {fileID: 0}
  m_PrefabAsset: {fileID: 0}
  m_GameObject: {fileID: 518337855586968550}
  m_Mesh: {fileID: 4300002, guid: abc00000000010282746752578022985, type: 3}
--- !u!114 &8924286602764824402
MonoBehaviour:
  m_ObjectHideFlags: 0
  m_CorrespondingSourceObject: {fileID: 0}
  m_PrefabInstance: {fileID: 0}
  m_PrefabAsset: {fileID: 0}
  m_GameObject: {fileID: 518337855586968550}
  m_Enabled: 0
  m_EditorHideFlags: 0
  m_Script: {fileID: 11500000, guid: 34ecc488e36747de8d483e940e7212ab, type: 3}
  m_Name: 
  m_EditorClassIdentifier: 
  complexMaskingMode: 0
  drawingMode: 1
  outlineLayer: 0
  outlineTargets:
  - IsVisible: 0
    CutoutMask: 8
    edgeDilateAmount: 5
    frontEdgeDilateAmount: 5
    backEdgeDilateAmount: 5
    renderer: {fileID: 1288593683211479529}
    SubmeshIndex: 0
    BoundsMode: 0
    Bounds:
      m_Center: {x: 0, y: 0, z: 0}
      m_Extent: {x: 0.5, y: 0.5, z: 0.5}
    CutoutThreshold: 0.5
    CullMode: 2
    cutoutTextureName: 
    DilateRenderingMode: 0
    cutoutTextureIndex: 0
  renderStyle: 1
  outlineParameters:
    enabled: 1
    color: {r: 0.015686275, g: 0.4862745, b: 1, a: 1}
    dilateShift: 1
    blurShift: 1
    fillPass:
      shader: {fileID: 0}
      serializedProperties: []
  backParameters:
    enabled: 1
    color: {r: 1, g: 0.92156863, b: 0.015686275, a: 1}
    dilateShift: 1
    blurShift: 1
    fillPass:
      shader: {fileID: 0}
      serializedProperties: []
  frontParameters:
    enabled: 1
    color: {r: 1, g: 0.92156863, b: 0.015686275, a: 1}
    dilateShift: 1
    blurShift: 1
    fillPass:
      shader: {fileID: 0}
      serializedProperties: []
--- !u!114 &5056684657788658334
MonoBehaviour:
  m_ObjectHideFlags: 0
  m_CorrespondingSourceObject: {fileID: 0}
  m_PrefabInstance: {fileID: 0}
  m_PrefabAsset: {fileID: 0}
  m_GameObject: {fileID: 518337855586968550}
  m_Enabled: 1
  m_EditorHideFlags: 0
  m_Script: {fileID: 11500000, guid: 034bc47afcbf5e141a58d5c20b7808e4, type: 3}
  m_Name: 
  m_EditorClassIdentifier: 
--- !u!114 &1205825113611872119
MonoBehaviour:
  m_ObjectHideFlags: 0
  m_CorrespondingSourceObject: {fileID: 0}
  m_PrefabInstance: {fileID: 0}
  m_PrefabAsset: {fileID: 0}
  m_GameObject: {fileID: 518337855586968550}
  m_Enabled: 0
  m_EditorHideFlags: 0
  m_Script: {fileID: 11500000, guid: b1dababc44054dae9fb0793bed13782d, type: 3}
  m_Name: 
  m_EditorClassIdentifier: 
  complexMaskingMode: 0
  drawingMode: 1
  outlineLayer: 0
  outlineTargets:
  - IsVisible: 0
    CutoutMask: 8
    edgeDilateAmount: 5
    frontEdgeDilateAmount: 5
    backEdgeDilateAmount: 5
    renderer: {fileID: 1288593683211479529}
    SubmeshIndex: 0
    BoundsMode: 0
    Bounds:
      m_Center: {x: 0, y: 0, z: 0}
      m_Extent: {x: 0.5, y: 0.5, z: 0.5}
    CutoutThreshold: 0.5
    CullMode: 2
    cutoutTextureName: 
    DilateRenderingMode: 0
    cutoutTextureIndex: 0
  renderStyle: 1
  outlineParameters:
    enabled: 1
    color: {r: 1, g: 0, b: 0, a: 1}
    dilateShift: 1
    blurShift: 1
    fillPass:
      shader: {fileID: 0}
      serializedProperties: []
  backParameters:
    enabled: 1
    color: {r: 1, g: 0.92156863, b: 0.015686275, a: 1}
    dilateShift: 1
    blurShift: 1
    fillPass:
      shader: {fileID: 0}
      serializedProperties: []
  frontParameters:
    enabled: 1
    color: {r: 1, g: 0.92156863, b: 0.015686275, a: 1}
    dilateShift: 1
    blurShift: 1
    fillPass:
      shader: {fileID: 0}
      serializedProperties: []
--- !u!114 &8612806193163973669
MonoBehaviour:
  m_ObjectHideFlags: 0
  m_CorrespondingSourceObject: {fileID: 0}
  m_PrefabInstance: {fileID: 0}
  m_PrefabAsset: {fileID: 0}
  m_GameObject: {fileID: 518337855586968550}
  m_Enabled: 1
  m_EditorHideFlags: 0
  m_Script: {fileID: 11500000, guid: 9862e7dc2287478fb7add8b132cc90cf, type: 3}
  m_Name: 
  m_EditorClassIdentifier: 
--- !u!114 &5853021355995701670
MonoBehaviour:
  m_ObjectHideFlags: 0
  m_CorrespondingSourceObject: {fileID: 0}
  m_PrefabInstance: {fileID: 0}
  m_PrefabAsset: {fileID: 0}
  m_GameObject: {fileID: 518337855586968550}
  m_Enabled: 1
  m_EditorHideFlags: 0
  m_Script: {fileID: 11500000, guid: eb3b34d678234b648bd08d0b50c65ba7, type: 3}
  m_Name: 
  m_EditorClassIdentifier: 
  ToolTip: <style=Interaction/Interact> to open/closed
--- !u!114 &7173392525568635318
MonoBehaviour:
  m_ObjectHideFlags: 0
  m_CorrespondingSourceObject: {fileID: 0}
  m_PrefabInstance: {fileID: 0}
  m_PrefabAsset: {fileID: 0}
  m_GameObject: {fileID: 518337855586968550}
  m_Enabled: 1
  m_EditorHideFlags: 0
  m_Script: {fileID: 11500000, guid: cacd19cbb614e574ebd43e9db8974cc2, type: 3}
  m_Name: 
  m_EditorClassIdentifier: 
  _componentIndexCache: 7
  _addedNetworkObject: {fileID: 1329161742372611698}
  _networkObjectCache: {fileID: 1329161742372611698}
  OnObserverChange:
    m_PersistentCalls:
      m_Calls: []
  <OnInteractBefore>k__BackingField:
    m_PersistentCalls:
      m_Calls: []
  <OnInteract>k__BackingField:
    m_PersistentCalls:
      m_Calls:
      - m_Target: {fileID: 2884941594031794417}
        m_TargetAssemblyTypeName: UniwersalDrawerManager, Assembly-CSharp
        m_MethodName: InteractDrawer
        m_Mode: 3
        m_Arguments:
          m_ObjectArgument: {fileID: 0}
          m_ObjectArgumentAssemblyTypeName: UnityEngine.Object, UnityEngine
          m_IntArgument: 7
          m_FloatArgument: 0
          m_StringArgument: 
          m_BoolArgument: 0
        m_CallState: 2
  <OnInteractAfter>k__BackingField:
    m_PersistentCalls:
      m_Calls: []
  <OnFailedInteractionBefore>k__BackingField:
    m_PersistentCalls:
      m_Calls: []
  <OnFailedInteraction>k__BackingField:
    m_PersistentCalls:
      m_Calls: []
  <OnFailedInteractionAfter>k__BackingField:
    m_PersistentCalls:
      m_Calls: []
  <OnPointerEnter>k__BackingField:
    m_PersistentCalls:
      m_Calls: []
  <OnPointerExit>k__BackingField:
    m_PersistentCalls:
      m_Calls: []
  <OnServerInteractBefore>k__BackingField:
    m_PersistentCalls:
      m_Calls: []
  <OnServerInteract>k__BackingField:
    m_PersistentCalls:
      m_Calls: []
  <OnServerInteractAfter>k__BackingField:
    m_PersistentCalls:
      m_Calls: []
  <OnFailedLocalInteractBefore>k__BackingField:
    m_PersistentCalls:
      m_Calls: []
  <OnFailedLocalInteract>k__BackingField:
    m_PersistentCalls:
      m_Calls: []
  <OnFailedLocalInteractAfter>k__BackingField:
    m_PersistentCalls:
      m_Calls: []
  <OnLocalInteractBefore>k__BackingField:
    m_PersistentCalls:
      m_Calls: []
  <OnLocalInteract>k__BackingField:
    m_PersistentCalls:
      m_Calls: []
  <OnLocalInteractAfter>k__BackingField:
    m_PersistentCalls:
      m_Calls: []
  <OnFailedInteractBefore>k__BackingField:
    m_PersistentCalls:
      m_Calls: []
  <OnFailedInteract>k__BackingField:
    m_PersistentCalls:
      m_Calls: []
  <OnFailedInteractAfter>k__BackingField:
    m_PersistentCalls:
      m_Calls: []
--- !u!65 &995472244434495794
BoxCollider:
  m_ObjectHideFlags: 0
  m_CorrespondingSourceObject: {fileID: 0}
  m_PrefabInstance: {fileID: 0}
  m_PrefabAsset: {fileID: 0}
  m_GameObject: {fileID: 518337855586968550}
  m_Material: {fileID: 0}
  m_IncludeLayers:
    serializedVersion: 2
    m_Bits: 0
  m_ExcludeLayers:
    serializedVersion: 2
    m_Bits: 0
  m_LayerOverridePriority: 0
  m_IsTrigger: 0
  m_ProvidesContacts: 0
  m_Enabled: 1
  serializedVersion: 3
  m_Size: {x: 0.018837882, y: 0.56166637, z: 0.36611965}
  m_Center: {x: 0.008874967, y: 0.0008185804, z: 0.18275274}
--- !u!1 &535748957491556498
GameObject:
  m_ObjectHideFlags: 0
  m_CorrespondingSourceObject: {fileID: 0}
  m_PrefabInstance: {fileID: 0}
  m_PrefabAsset: {fileID: 0}
  serializedVersion: 6
  m_Component:
  - component: {fileID: 6091833688259530056}
  - component: {fileID: 6234104609217253950}
  - component: {fileID: 4998126776008192508}
  - component: {fileID: 2014320383704770581}
  - component: {fileID: 6070093012825235397}
  - component: {fileID: 1055871354432485670}
  - component: {fileID: 3394896435159339779}
  - component: {fileID: 1572484372938121697}
  - component: {fileID: 7551449987143685200}
  - component: {fileID: 4134288508686089876}
  m_Layer: 0
  m_Name: SM_Shelf_TV_A1_Door2_LOD0
  m_TagString: Untagged
  m_Icon: {fileID: 0}
  m_NavMeshLayer: 0
  m_StaticEditorFlags: 0
  m_IsActive: 1
--- !u!4 &6091833688259530056
Transform:
  m_ObjectHideFlags: 0
  m_CorrespondingSourceObject: {fileID: 0}
  m_PrefabInstance: {fileID: 0}
  m_PrefabAsset: {fileID: 0}
  m_GameObject: {fileID: 535748957491556498}
  serializedVersion: 2
  m_LocalRotation: {x: 0, y: 0, z: 0, w: 1}
  m_LocalPosition: {x: 0, y: 0, z: 0.7304518}
  m_LocalScale: {x: 1, y: 1, z: 1}
  m_ConstrainProportionsScale: 0
  m_Children: []
  m_Father: {fileID: 721635583895282374}
  m_LocalEulerAnglesHint: {x: 0, y: 0, z: 0}
--- !u!23 &6234104609217253950
MeshRenderer:
  m_ObjectHideFlags: 0
  m_CorrespondingSourceObject: {fileID: 0}
  m_PrefabInstance: {fileID: 0}
  m_PrefabAsset: {fileID: 0}
  m_GameObject: {fileID: 535748957491556498}
  m_Enabled: 1
  m_CastShadows: 1
  m_ReceiveShadows: 1
  m_DynamicOccludee: 1
  m_StaticShadowCaster: 0
  m_MotionVectors: 1
  m_LightProbeUsage: 1
  m_ReflectionProbeUsage: 1
  m_RayTracingMode: 2
  m_RayTraceProcedural: 0
  m_RenderingLayerMask: 1
  m_RendererPriority: 0
  m_Materials:
  - {fileID: 2100000, guid: abc00000000000618259655371204862, type: 2}
  m_StaticBatchInfo:
    firstSubMesh: 0
    subMeshCount: 0
  m_StaticBatchRoot: {fileID: 0}
  m_ProbeAnchor: {fileID: 0}
  m_LightProbeVolumeOverride: {fileID: 0}
  m_ScaleInLightmap: 1
  m_ReceiveGI: 1
  m_PreserveUVs: 1
  m_IgnoreNormalsForChartDetection: 0
  m_ImportantGI: 0
  m_StitchLightmapSeams: 1
  m_SelectedEditorRenderState: 3
  m_MinimumChartSize: 4
  m_AutoUVMaxDistance: 0.5
  m_AutoUVMaxAngle: 89
  m_LightmapParameters: {fileID: 0}
  m_SortingLayerID: 0
  m_SortingLayer: 0
  m_SortingOrder: 0
  m_AdditionalVertexStreams: {fileID: 0}
--- !u!33 &4998126776008192508
MeshFilter:
  m_ObjectHideFlags: 0
  m_CorrespondingSourceObject: {fileID: 0}
  m_PrefabInstance: {fileID: 0}
  m_PrefabAsset: {fileID: 0}
  m_GameObject: {fileID: 535748957491556498}
  m_Mesh: {fileID: 4300002, guid: abc00000000005324112448318669250, type: 3}
--- !u!114 &2014320383704770581
MonoBehaviour:
  m_ObjectHideFlags: 0
  m_CorrespondingSourceObject: {fileID: 0}
  m_PrefabInstance: {fileID: 0}
  m_PrefabAsset: {fileID: 0}
  m_GameObject: {fileID: 535748957491556498}
  m_Enabled: 0
  m_EditorHideFlags: 0
  m_Script: {fileID: 11500000, guid: 34ecc488e36747de8d483e940e7212ab, type: 3}
  m_Name: 
  m_EditorClassIdentifier: 
  complexMaskingMode: 0
  drawingMode: 1
  outlineLayer: 0
  outlineTargets:
  - IsVisible: 0
    CutoutMask: 8
    edgeDilateAmount: 5
    frontEdgeDilateAmount: 5
    backEdgeDilateAmount: 5
    renderer: {fileID: 6234104609217253950}
    SubmeshIndex: 0
    BoundsMode: 0
    Bounds:
      m_Center: {x: 0, y: 0, z: 0}
      m_Extent: {x: 0.5, y: 0.5, z: 0.5}
    CutoutThreshold: 0.5
    CullMode: 2
    cutoutTextureName: 
    DilateRenderingMode: 0
    cutoutTextureIndex: 0
  renderStyle: 1
  outlineParameters:
    enabled: 1
    color: {r: 0.015686275, g: 0.4862745, b: 1, a: 1}
    dilateShift: 1
    blurShift: 1
    fillPass:
      shader: {fileID: 0}
      serializedProperties: []
  backParameters:
    enabled: 1
    color: {r: 1, g: 0.92156863, b: 0.015686275, a: 1}
    dilateShift: 1
    blurShift: 1
    fillPass:
      shader: {fileID: 0}
      serializedProperties: []
  frontParameters:
    enabled: 1
    color: {r: 1, g: 0.92156863, b: 0.015686275, a: 1}
    dilateShift: 1
    blurShift: 1
    fillPass:
      shader: {fileID: 0}
      serializedProperties: []
--- !u!114 &6070093012825235397
MonoBehaviour:
  m_ObjectHideFlags: 0
  m_CorrespondingSourceObject: {fileID: 0}
  m_PrefabInstance: {fileID: 0}
  m_PrefabAsset: {fileID: 0}
  m_GameObject: {fileID: 535748957491556498}
  m_Enabled: 1
  m_EditorHideFlags: 0
  m_Script: {fileID: 11500000, guid: 034bc47afcbf5e141a58d5c20b7808e4, type: 3}
  m_Name: 
  m_EditorClassIdentifier: 
--- !u!114 &1055871354432485670
MonoBehaviour:
  m_ObjectHideFlags: 0
  m_CorrespondingSourceObject: {fileID: 0}
  m_PrefabInstance: {fileID: 0}
  m_PrefabAsset: {fileID: 0}
  m_GameObject: {fileID: 535748957491556498}
  m_Enabled: 0
  m_EditorHideFlags: 0
  m_Script: {fileID: 11500000, guid: b1dababc44054dae9fb0793bed13782d, type: 3}
  m_Name: 
  m_EditorClassIdentifier: 
  complexMaskingMode: 0
  drawingMode: 1
  outlineLayer: 0
  outlineTargets:
  - IsVisible: 0
    CutoutMask: 8
    edgeDilateAmount: 5
    frontEdgeDilateAmount: 5
    backEdgeDilateAmount: 5
    renderer: {fileID: 6234104609217253950}
    SubmeshIndex: 0
    BoundsMode: 0
    Bounds:
      m_Center: {x: 0, y: 0, z: 0}
      m_Extent: {x: 0.5, y: 0.5, z: 0.5}
    CutoutThreshold: 0.5
    CullMode: 2
    cutoutTextureName: 
    DilateRenderingMode: 0
    cutoutTextureIndex: 0
  renderStyle: 1
  outlineParameters:
    enabled: 1
    color: {r: 1, g: 0, b: 0, a: 1}
    dilateShift: 1
    blurShift: 1
    fillPass:
      shader: {fileID: 0}
      serializedProperties: []
  backParameters:
    enabled: 1
    color: {r: 1, g: 0.92156863, b: 0.015686275, a: 1}
    dilateShift: 1
    blurShift: 1
    fillPass:
      shader: {fileID: 0}
      serializedProperties: []
  frontParameters:
    enabled: 1
    color: {r: 1, g: 0.92156863, b: 0.015686275, a: 1}
    dilateShift: 1
    blurShift: 1
    fillPass:
      shader: {fileID: 0}
      serializedProperties: []
--- !u!114 &3394896435159339779
MonoBehaviour:
  m_ObjectHideFlags: 0
  m_CorrespondingSourceObject: {fileID: 0}
  m_PrefabInstance: {fileID: 0}
  m_PrefabAsset: {fileID: 0}
  m_GameObject: {fileID: 535748957491556498}
  m_Enabled: 1
  m_EditorHideFlags: 0
  m_Script: {fileID: 11500000, guid: 9862e7dc2287478fb7add8b132cc90cf, type: 3}
  m_Name: 
  m_EditorClassIdentifier: 
--- !u!114 &1572484372938121697
MonoBehaviour:
  m_ObjectHideFlags: 0
  m_CorrespondingSourceObject: {fileID: 0}
  m_PrefabInstance: {fileID: 0}
  m_PrefabAsset: {fileID: 0}
  m_GameObject: {fileID: 535748957491556498}
  m_Enabled: 1
  m_EditorHideFlags: 0
  m_Script: {fileID: 11500000, guid: eb3b34d678234b648bd08d0b50c65ba7, type: 3}
  m_Name: 
  m_EditorClassIdentifier: 
  ToolTip: <style=Interaction/Interact> to open/closed
--- !u!114 &7551449987143685200
MonoBehaviour:
  m_ObjectHideFlags: 0
  m_CorrespondingSourceObject: {fileID: 0}
  m_PrefabInstance: {fileID: 0}
  m_PrefabAsset: {fileID: 0}
  m_GameObject: {fileID: 535748957491556498}
  m_Enabled: 1
  m_EditorHideFlags: 0
  m_Script: {fileID: 11500000, guid: cacd19cbb614e574ebd43e9db8974cc2, type: 3}
  m_Name: 
  m_EditorClassIdentifier: 
  _componentIndexCache: 6
  _addedNetworkObject: {fileID: 1329161742372611698}
  _networkObjectCache: {fileID: 1329161742372611698}
  OnObserverChange:
    m_PersistentCalls:
      m_Calls: []
  <OnInteractBefore>k__BackingField:
    m_PersistentCalls:
      m_Calls: []
  <OnInteract>k__BackingField:
    m_PersistentCalls:
      m_Calls:
      - m_Target: {fileID: 2884941594031794417}
        m_TargetAssemblyTypeName: UniwersalDrawerManager, Assembly-CSharp
        m_MethodName: InteractDrawer
        m_Mode: 3
        m_Arguments:
          m_ObjectArgument: {fileID: 0}
          m_ObjectArgumentAssemblyTypeName: UnityEngine.Object, UnityEngine
          m_IntArgument: 6
          m_FloatArgument: 0
          m_StringArgument: 
          m_BoolArgument: 0
        m_CallState: 2
  <OnInteractAfter>k__BackingField:
    m_PersistentCalls:
      m_Calls: []
  <OnFailedInteractionBefore>k__BackingField:
    m_PersistentCalls:
      m_Calls: []
  <OnFailedInteraction>k__BackingField:
    m_PersistentCalls:
      m_Calls: []
  <OnFailedInteractionAfter>k__BackingField:
    m_PersistentCalls:
      m_Calls: []
  <OnPointerEnter>k__BackingField:
    m_PersistentCalls:
      m_Calls: []
  <OnPointerExit>k__BackingField:
    m_PersistentCalls:
      m_Calls: []
  <OnServerInteractBefore>k__BackingField:
    m_PersistentCalls:
      m_Calls: []
  <OnServerInteract>k__BackingField:
    m_PersistentCalls:
      m_Calls: []
  <OnServerInteractAfter>k__BackingField:
    m_PersistentCalls:
      m_Calls: []
  <OnFailedLocalInteractBefore>k__BackingField:
    m_PersistentCalls:
      m_Calls: []
  <OnFailedLocalInteract>k__BackingField:
    m_PersistentCalls:
      m_Calls: []
  <OnFailedLocalInteractAfter>k__BackingField:
    m_PersistentCalls:
      m_Calls: []
  <OnLocalInteractBefore>k__BackingField:
    m_PersistentCalls:
      m_Calls: []
  <OnLocalInteract>k__BackingField:
    m_PersistentCalls:
      m_Calls: []
  <OnLocalInteractAfter>k__BackingField:
    m_PersistentCalls:
      m_Calls: []
  <OnFailedInteractBefore>k__BackingField:
    m_PersistentCalls:
      m_Calls: []
  <OnFailedInteract>k__BackingField:
    m_PersistentCalls:
      m_Calls: []
  <OnFailedInteractAfter>k__BackingField:
    m_PersistentCalls:
      m_Calls: []
--- !u!65 &4134288508686089876
BoxCollider:
  m_ObjectHideFlags: 0
  m_CorrespondingSourceObject: {fileID: 0}
  m_PrefabInstance: {fileID: 0}
  m_PrefabAsset: {fileID: 0}
  m_GameObject: {fileID: 535748957491556498}
  m_Material: {fileID: 0}
  m_IncludeLayers:
    serializedVersion: 2
    m_Bits: 0
  m_ExcludeLayers:
    serializedVersion: 2
    m_Bits: 0
  m_LayerOverridePriority: 0
  m_IsTrigger: 0
  m_ProvidesContacts: 0
  m_Enabled: 1
  serializedVersion: 3
  m_Size: {x: 0.018431865, y: 0.56002927, z: 0.3678156}
  m_Center: {x: 0.010005953, y: -0.000000014901161, z: -0.18313614}
--- !u!1 &867170356487744852
GameObject:
  m_ObjectHideFlags: 0
  m_CorrespondingSourceObject: {fileID: 0}
  m_PrefabInstance: {fileID: 0}
  m_PrefabAsset: {fileID: 0}
  serializedVersion: 6
  m_Component:
  - component: {fileID: 5355648364241099988}
  - component: {fileID: 2218716117739430349}
  - component: {fileID: 1541754472527122242}
  - component: {fileID: 9001052894215990067}
  - component: {fileID: 5920410979970146355}
  - component: {fileID: 358521665418014033}
  - component: {fileID: 72455703747621631}
  - component: {fileID: 7651346123905490419}
  - component: {fileID: 5920365662786623875}
  - component: {fileID: 5372519124579991539}
  m_Layer: 0
  m_Name: SM_Shelf_TV_A1_Door5_LOD0
  m_TagString: Untagged
  m_Icon: {fileID: 0}
  m_NavMeshLayer: 0
  m_StaticEditorFlags: 0
  m_IsActive: 1
--- !u!4 &5355648364241099988
Transform:
  m_ObjectHideFlags: 0
  m_CorrespondingSourceObject: {fileID: 0}
  m_PrefabInstance: {fileID: 0}
  m_PrefabAsset: {fileID: 0}
  m_GameObject: {fileID: 867170356487744852}
  serializedVersion: 2
  m_LocalRotation: {x: -0, y: 0.0000014007084, z: -0, w: 1}
  m_LocalPosition: {x: 0.0040039206, y: 0.18557596, z: -0.20981993}
  m_LocalScale: {x: 1, y: 1, z: 1}
  m_ConstrainProportionsScale: 0
  m_Children: []
  m_Father: {fileID: 721635583895282374}
  m_LocalEulerAnglesHint: {x: 0, y: 0, z: 0}
--- !u!23 &2218716117739430349
MeshRenderer:
  m_ObjectHideFlags: 0
  m_CorrespondingSourceObject: {fileID: 0}
  m_PrefabInstance: {fileID: 0}
  m_PrefabAsset: {fileID: 0}
  m_GameObject: {fileID: 867170356487744852}
  m_Enabled: 1
  m_CastShadows: 1
  m_ReceiveShadows: 1
  m_DynamicOccludee: 1
  m_StaticShadowCaster: 0
  m_MotionVectors: 1
  m_LightProbeUsage: 1
  m_ReflectionProbeUsage: 1
  m_RayTracingMode: 2
  m_RayTraceProcedural: 0
  m_RenderingLayerMask: 1
  m_RendererPriority: 0
  m_Materials:
  - {fileID: 2100000, guid: abc00000000000618259655371204862, type: 2}
  m_StaticBatchInfo:
    firstSubMesh: 0
    subMeshCount: 0
  m_StaticBatchRoot: {fileID: 0}
  m_ProbeAnchor: {fileID: 0}
  m_LightProbeVolumeOverride: {fileID: 0}
  m_ScaleInLightmap: 1
  m_ReceiveGI: 1
  m_PreserveUVs: 1
  m_IgnoreNormalsForChartDetection: 0
  m_ImportantGI: 0
  m_StitchLightmapSeams: 1
  m_SelectedEditorRenderState: 3
  m_MinimumChartSize: 4
  m_AutoUVMaxDistance: 0.5
  m_AutoUVMaxAngle: 89
  m_LightmapParameters: {fileID: 0}
  m_SortingLayerID: 0
  m_SortingLayer: 0
  m_SortingOrder: 0
  m_AdditionalVertexStreams: {fileID: 0}
--- !u!33 &1541754472527122242
MeshFilter:
  m_ObjectHideFlags: 0
  m_CorrespondingSourceObject: {fileID: 0}
  m_PrefabInstance: {fileID: 0}
  m_PrefabAsset: {fileID: 0}
  m_GameObject: {fileID: 867170356487744852}
  m_Mesh: {fileID: 4300002, guid: abc00000000007711128310687507757, type: 3}
--- !u!114 &9001052894215990067
MonoBehaviour:
  m_ObjectHideFlags: 0
  m_CorrespondingSourceObject: {fileID: 0}
  m_PrefabInstance: {fileID: 0}
  m_PrefabAsset: {fileID: 0}
  m_GameObject: {fileID: 867170356487744852}
  m_Enabled: 0
  m_EditorHideFlags: 0
  m_Script: {fileID: 11500000, guid: 34ecc488e36747de8d483e940e7212ab, type: 3}
  m_Name: 
  m_EditorClassIdentifier: 
  complexMaskingMode: 0
  drawingMode: 1
  outlineLayer: 0
  outlineTargets:
  - IsVisible: 0
    CutoutMask: 8
    edgeDilateAmount: 5
    frontEdgeDilateAmount: 5
    backEdgeDilateAmount: 5
    renderer: {fileID: 2218716117739430349}
    SubmeshIndex: 0
    BoundsMode: 0
    Bounds:
      m_Center: {x: 0, y: 0, z: 0}
      m_Extent: {x: 0.5, y: 0.5, z: 0.5}
    CutoutThreshold: 0.5
    CullMode: 2
    cutoutTextureName: 
    DilateRenderingMode: 0
    cutoutTextureIndex: 0
  renderStyle: 1
  outlineParameters:
    enabled: 1
    color: {r: 0.015686275, g: 0.4862745, b: 1, a: 1}
    dilateShift: 1
    blurShift: 1
    fillPass:
      shader: {fileID: 0}
      serializedProperties: []
  backParameters:
    enabled: 1
    color: {r: 1, g: 0.92156863, b: 0.015686275, a: 1}
    dilateShift: 1
    blurShift: 1
    fillPass:
      shader: {fileID: 0}
      serializedProperties: []
  frontParameters:
    enabled: 1
    color: {r: 1, g: 0.92156863, b: 0.015686275, a: 1}
    dilateShift: 1
    blurShift: 1
    fillPass:
      shader: {fileID: 0}
      serializedProperties: []
--- !u!114 &5920410979970146355
MonoBehaviour:
  m_ObjectHideFlags: 0
  m_CorrespondingSourceObject: {fileID: 0}
  m_PrefabInstance: {fileID: 0}
  m_PrefabAsset: {fileID: 0}
  m_GameObject: {fileID: 867170356487744852}
  m_Enabled: 1
  m_EditorHideFlags: 0
  m_Script: {fileID: 11500000, guid: 034bc47afcbf5e141a58d5c20b7808e4, type: 3}
  m_Name: 
  m_EditorClassIdentifier: 
--- !u!114 &358521665418014033
MonoBehaviour:
  m_ObjectHideFlags: 0
  m_CorrespondingSourceObject: {fileID: 0}
  m_PrefabInstance: {fileID: 0}
  m_PrefabAsset: {fileID: 0}
  m_GameObject: {fileID: 867170356487744852}
  m_Enabled: 0
  m_EditorHideFlags: 0
  m_Script: {fileID: 11500000, guid: b1dababc44054dae9fb0793bed13782d, type: 3}
  m_Name: 
  m_EditorClassIdentifier: 
  complexMaskingMode: 0
  drawingMode: 1
  outlineLayer: 0
  outlineTargets:
  - IsVisible: 0
    CutoutMask: 8
    edgeDilateAmount: 5
    frontEdgeDilateAmount: 5
    backEdgeDilateAmount: 5
    renderer: {fileID: 2218716117739430349}
    SubmeshIndex: 0
    BoundsMode: 0
    Bounds:
      m_Center: {x: 0, y: 0, z: 0}
      m_Extent: {x: 0.5, y: 0.5, z: 0.5}
    CutoutThreshold: 0.5
    CullMode: 2
    cutoutTextureName: 
    DilateRenderingMode: 0
    cutoutTextureIndex: 0
  renderStyle: 1
  outlineParameters:
    enabled: 1
    color: {r: 1, g: 0, b: 0, a: 1}
    dilateShift: 1
    blurShift: 1
    fillPass:
      shader: {fileID: 0}
      serializedProperties: []
  backParameters:
    enabled: 1
    color: {r: 1, g: 0.92156863, b: 0.015686275, a: 1}
    dilateShift: 1
    blurShift: 1
    fillPass:
      shader: {fileID: 0}
      serializedProperties: []
  frontParameters:
    enabled: 1
    color: {r: 1, g: 0.92156863, b: 0.015686275, a: 1}
    dilateShift: 1
    blurShift: 1
    fillPass:
      shader: {fileID: 0}
      serializedProperties: []
--- !u!114 &72455703747621631
MonoBehaviour:
  m_ObjectHideFlags: 0
  m_CorrespondingSourceObject: {fileID: 0}
  m_PrefabInstance: {fileID: 0}
  m_PrefabAsset: {fileID: 0}
  m_GameObject: {fileID: 867170356487744852}
  m_Enabled: 1
  m_EditorHideFlags: 0
  m_Script: {fileID: 11500000, guid: 9862e7dc2287478fb7add8b132cc90cf, type: 3}
  m_Name: 
  m_EditorClassIdentifier: 
--- !u!114 &7651346123905490419
MonoBehaviour:
  m_ObjectHideFlags: 0
  m_CorrespondingSourceObject: {fileID: 0}
  m_PrefabInstance: {fileID: 0}
  m_PrefabAsset: {fileID: 0}
  m_GameObject: {fileID: 867170356487744852}
  m_Enabled: 1
  m_EditorHideFlags: 0
  m_Script: {fileID: 11500000, guid: eb3b34d678234b648bd08d0b50c65ba7, type: 3}
  m_Name: 
  m_EditorClassIdentifier: 
  ToolTip: <style=Interaction/Interact> to open/closed
--- !u!114 &5920365662786623875
MonoBehaviour:
  m_ObjectHideFlags: 0
  m_CorrespondingSourceObject: {fileID: 0}
  m_PrefabInstance: {fileID: 0}
  m_PrefabAsset: {fileID: 0}
  m_GameObject: {fileID: 867170356487744852}
  m_Enabled: 1
  m_EditorHideFlags: 0
  m_Script: {fileID: 11500000, guid: cacd19cbb614e574ebd43e9db8974cc2, type: 3}
  m_Name: 
  m_EditorClassIdentifier: 
  _componentIndexCache: 3
  _addedNetworkObject: {fileID: 1329161742372611698}
  _networkObjectCache: {fileID: 1329161742372611698}
  OnObserverChange:
    m_PersistentCalls:
      m_Calls: []
  <OnInteractBefore>k__BackingField:
    m_PersistentCalls:
      m_Calls: []
  <OnInteract>k__BackingField:
    m_PersistentCalls:
      m_Calls:
      - m_Target: {fileID: 2884941594031794417}
        m_TargetAssemblyTypeName: UniwersalDrawerManager, Assembly-CSharp
        m_MethodName: InteractDrawer
        m_Mode: 3
        m_Arguments:
          m_ObjectArgument: {fileID: 0}
          m_ObjectArgumentAssemblyTypeName: UnityEngine.Object, UnityEngine
          m_IntArgument: 3
          m_FloatArgument: 0
          m_StringArgument: 
          m_BoolArgument: 0
        m_CallState: 2
  <OnInteractAfter>k__BackingField:
    m_PersistentCalls:
      m_Calls: []
  <OnFailedInteractionBefore>k__BackingField:
    m_PersistentCalls:
      m_Calls: []
  <OnFailedInteraction>k__BackingField:
    m_PersistentCalls:
      m_Calls: []
  <OnFailedInteractionAfter>k__BackingField:
    m_PersistentCalls:
      m_Calls: []
  <OnPointerEnter>k__BackingField:
    m_PersistentCalls:
      m_Calls: []
  <OnPointerExit>k__BackingField:
    m_PersistentCalls:
      m_Calls: []
  <OnServerInteractBefore>k__BackingField:
    m_PersistentCalls:
      m_Calls: []
  <OnServerInteract>k__BackingField:
    m_PersistentCalls:
      m_Calls: []
  <OnServerInteractAfter>k__BackingField:
    m_PersistentCalls:
      m_Calls: []
  <OnFailedLocalInteractBefore>k__BackingField:
    m_PersistentCalls:
      m_Calls: []
  <OnFailedLocalInteract>k__BackingField:
    m_PersistentCalls:
      m_Calls: []
  <OnFailedLocalInteractAfter>k__BackingField:
    m_PersistentCalls:
      m_Calls: []
  <OnLocalInteractBefore>k__BackingField:
    m_PersistentCalls:
      m_Calls: []
  <OnLocalInteract>k__BackingField:
    m_PersistentCalls:
      m_Calls: []
  <OnLocalInteractAfter>k__BackingField:
    m_PersistentCalls:
      m_Calls: []
  <OnFailedInteractBefore>k__BackingField:
    m_PersistentCalls:
      m_Calls: []
  <OnFailedInteract>k__BackingField:
    m_PersistentCalls:
      m_Calls: []
  <OnFailedInteractAfter>k__BackingField:
    m_PersistentCalls:
      m_Calls: []
--- !u!64 &5372519124579991539
MeshCollider:
  m_ObjectHideFlags: 0
  m_CorrespondingSourceObject: {fileID: 0}
  m_PrefabInstance: {fileID: 0}
  m_PrefabAsset: {fileID: 0}
  m_GameObject: {fileID: 867170356487744852}
  m_Material: {fileID: 0}
  m_IncludeLayers:
    serializedVersion: 2
    m_Bits: 0
  m_ExcludeLayers:
    serializedVersion: 2
    m_Bits: 0
  m_LayerOverridePriority: 0
  m_IsTrigger: 0
  m_ProvidesContacts: 0
  m_Enabled: 1
  serializedVersion: 5
  m_Convex: 0
  m_CookingOptions: 30
  m_Mesh: {fileID: 4300002, guid: abc00000000007711128310687507757, type: 3}
--- !u!1 &3065151064263743266
GameObject:
  m_ObjectHideFlags: 0
  m_CorrespondingSourceObject: {fileID: 0}
  m_PrefabInstance: {fileID: 0}
  m_PrefabAsset: {fileID: 0}
  serializedVersion: 6
  m_Component:
  - component: {fileID: 5965791412358074662}
  - component: {fileID: 1663834967471887377}
  - component: {fileID: 7942627157749147985}
  - component: {fileID: 6860013533568669597}
  m_Layer: 0
  m_Name: SM_Shelf_TV_A1_LOD0
  m_TagString: Untagged
  m_Icon: {fileID: 0}
  m_NavMeshLayer: 0
  m_StaticEditorFlags: 0
  m_IsActive: 1
--- !u!4 &5965791412358074662
Transform:
  m_ObjectHideFlags: 0
  m_CorrespondingSourceObject: {fileID: 0}
  m_PrefabInstance: {fileID: 0}
  m_PrefabAsset: {fileID: 0}
  m_GameObject: {fileID: 3065151064263743266}
  serializedVersion: 2
  m_LocalRotation: {x: -0, y: 0.0000014007084, z: -0, w: 1}
  m_LocalPosition: {x: -0.3135634, y: -0.33495212, z: 0.36734685}
  m_LocalScale: {x: 1, y: 1, z: 1}
  m_ConstrainProportionsScale: 0
  m_Children: []
  m_Father: {fileID: 721635583895282374}
  m_LocalEulerAnglesHint: {x: 0, y: 0, z: 0}
--- !u!23 &1663834967471887377
MeshRenderer:
  m_ObjectHideFlags: 0
  m_CorrespondingSourceObject: {fileID: 0}
  m_PrefabInstance: {fileID: 0}
  m_PrefabAsset: {fileID: 0}
  m_GameObject: {fileID: 3065151064263743266}
  m_Enabled: 1
  m_CastShadows: 1
  m_ReceiveShadows: 1
  m_DynamicOccludee: 1
  m_StaticShadowCaster: 0
  m_MotionVectors: 1
  m_LightProbeUsage: 1
  m_ReflectionProbeUsage: 1
  m_RayTracingMode: 2
  m_RayTraceProcedural: 0
  m_RenderingLayerMask: 1
  m_RendererPriority: 0
  m_Materials:
  - {fileID: 2100000, guid: abc00000000000618259655371204862, type: 2}
  m_StaticBatchInfo:
    firstSubMesh: 0
    subMeshCount: 0
  m_StaticBatchRoot: {fileID: 0}
  m_ProbeAnchor: {fileID: 0}
  m_LightProbeVolumeOverride: {fileID: 0}
  m_ScaleInLightmap: 1
  m_ReceiveGI: 1
  m_PreserveUVs: 1
  m_IgnoreNormalsForChartDetection: 0
  m_ImportantGI: 0
  m_StitchLightmapSeams: 1
  m_SelectedEditorRenderState: 3
  m_MinimumChartSize: 4
  m_AutoUVMaxDistance: 0.5
  m_AutoUVMaxAngle: 89
  m_LightmapParameters: {fileID: 0}
  m_SortingLayerID: 0
  m_SortingLayer: 0
  m_SortingOrder: 0
  m_AdditionalVertexStreams: {fileID: 0}
--- !u!33 &7942627157749147985
MeshFilter:
  m_ObjectHideFlags: 0
  m_CorrespondingSourceObject: {fileID: 0}
  m_PrefabInstance: {fileID: 0}
  m_PrefabAsset: {fileID: 0}
  m_GameObject: {fileID: 3065151064263743266}
  m_Mesh: {fileID: 4300002, guid: abc00000000004801177718113067137, type: 3}
--- !u!65 &6860013533568669597
BoxCollider:
  m_ObjectHideFlags: 0
  m_CorrespondingSourceObject: {fileID: 0}
  m_PrefabInstance: {fileID: 0}
  m_PrefabAsset: {fileID: 0}
  m_GameObject: {fileID: 3065151064263743266}
  m_Material: {fileID: 0}
  m_IncludeLayers:
    serializedVersion: 2
    m_Bits: 0
  m_ExcludeLayers:
    serializedVersion: 2
    m_Bits: 0
  m_LayerOverridePriority: 0
  m_IsTrigger: 0
  m_ProvidesContacts: 0
  m_Enabled: 1
  serializedVersion: 3
  m_Size: {x: 0.43244725, y: 0.71408373, z: 1.7905285}
  m_Center: {x: 0.060262054, y: 0.35755405, z: 0.00000011920929}
--- !u!1 &5827795088082525702
GameObject:
  m_ObjectHideFlags: 0
  m_CorrespondingSourceObject: {fileID: 0}
  m_PrefabInstance: {fileID: 0}
  m_PrefabAsset: {fileID: 0}
  serializedVersion: 6
  m_Component:
  - component: {fileID: 721635583895282374}
  - component: {fileID: 2884941594031794417}
  - component: {fileID: 1329161742372611698}
  m_Layer: 0
  m_Name: SM_Shelf_TV_A1
  m_TagString: Untagged
  m_Icon: {fileID: 0}
  m_NavMeshLayer: 0
  m_StaticEditorFlags: 0
  m_IsActive: 1
--- !u!4 &721635583895282374
Transform:
  m_ObjectHideFlags: 0
  m_CorrespondingSourceObject: {fileID: 0}
  m_PrefabInstance: {fileID: 0}
  m_PrefabAsset: {fileID: 0}
  m_GameObject: {fileID: 5827795088082525702}
  serializedVersion: 2
  m_LocalRotation: {x: -0, y: 1, z: -0, w: 0}
  m_LocalPosition: {x: -3.2966003, y: -0.19293213, z: -4.001}
  m_LocalScale: {x: 1, y: 1, z: 1}
  m_ConstrainProportionsScale: 0
  m_Children:
  - {fileID: 5965791412358074662}
  - {fileID: 9061033993479796029}
  - {fileID: 4282820227050128008}
  - {fileID: 5619292060854584495}
  - {fileID: 5355648364241099988}
  - {fileID: 3076296144096733919}
  - {fileID: 6455916566170173495}
  - {fileID: 6091833688259530056}
  - {fileID: 161508844002147891}
  m_Father: {fileID: 0}
  m_LocalEulerAnglesHint: {x: 0, y: 180, z: 0}
--- !u!114 &2884941594031794417
MonoBehaviour:
  m_ObjectHideFlags: 0
  m_CorrespondingSourceObject: {fileID: 0}
  m_PrefabInstance: {fileID: 0}
  m_PrefabAsset: {fileID: 0}
  m_GameObject: {fileID: 5827795088082525702}
  m_Enabled: 1
  m_EditorHideFlags: 0
  m_Script: {fileID: 11500000, guid: 0d6e41e59c7e35040baccb50a7999f7b, type: 3}
  m_Name: 
  m_EditorClassIdentifier: 
  _elements:
  - isLocked: 0
    visual: {fileID: 9061033993479796029}
    isOpen: 0
    isDrawer: 1
    origin: {x: 0.004003922, y: -0.0009570122, z: -0.2093359}
    destination: {x: 0.4, y: -0.0009570122, z: -0.2093359}
    audioClipOpen: {fileID: 8300000, guid: aa38742771433334dbf31bc13b08f51a, type: 3}
    audioClipClose: {fileID: 8300000, guid: 4db41b120f80d3742bf4347ec2cbec69, type: 3}
  - isLocked: 0
    visual: {fileID: 4282820227050128008}
    isOpen: 0
    isDrawer: 1
    origin: {x: 0.004006437, y: 0.185576, z: 0.9440472}
    destination: {x: 0.4, y: 0.185576, z: 0.9440472}
    audioClipOpen: {fileID: 8300000, guid: aa38742771433334dbf31bc13b08f51a, type: 3}
    audioClipClose: {fileID: 8300000, guid: 4db41b120f80d3742bf4347ec2cbec69, type: 3}
  - isLocked: 0
    visual: {fileID: 5619292060854584495}
    isOpen: 0
    isDrawer: 1
    origin: {x: 0.004006435, y: -0.0009479523, z: 0.9430723}
    destination: {x: 0.4, y: -0.0009479523, z: 0.9430723}
    audioClipOpen: {fileID: 8300000, guid: aa38742771433334dbf31bc13b08f51a, type: 3}
    audioClipClose: {fileID: 8300000, guid: 4db41b120f80d3742bf4347ec2cbec69, type: 3}
  - isLocked: 0
    visual: {fileID: 5355648364241099988}
    isOpen: 0
    isDrawer: 1
    origin: {x: 0.004003921, y: 0.185576, z: -0.2098199}
    destination: {x: 0.4, y: 0.185576, z: -0.2098199}
    audioClipOpen: {fileID: 8300000, guid: aa38742771433334dbf31bc13b08f51a, type: 3}
    audioClipClose: {fileID: 8300000, guid: 4db41b120f80d3742bf4347ec2cbec69, type: 3}
  - isLocked: 0
    visual: {fileID: 3076296144096733919}
    isOpen: 0
    isDrawer: 1
    origin: {x: 0.004006437, y: -0.187227, z: 0.9440472}
    destination: {x: 0.4, y: -0.187227, z: 0.9440472}
    audioClipOpen: {fileID: 8300000, guid: aa38742771433334dbf31bc13b08f51a, type: 3}
    audioClipClose: {fileID: 8300000, guid: 4db41b120f80d3742bf4347ec2cbec69, type: 3}
  - isLocked: 0
    visual: {fileID: 6455916566170173495}
    isOpen: 0
    isDrawer: 1
    origin: {x: 0.004003918, y: -0.1875689, z: -0.2106149}
    destination: {x: 0.4, y: -0.1875689, z: -0.2106149}
    audioClipOpen: {fileID: 8300000, guid: aa38742771433334dbf31bc13b08f51a, type: 3}
    audioClipClose: {fileID: 8300000, guid: 4db41b120f80d3742bf4347ec2cbec69, type: 3}
  - isLocked: 0
    visual: {fileID: 6091833688259530056}
    isOpen: 0
    isDrawer: 0
    origin: {x: 0, y: 0, z: 0}
    destination: {x: 0, y: -90, z: 0}
    audioClipOpen: {fileID: 8300000, guid: 50871aead3fd0544b8206bd96599cc28, type: 3}
    audioClipClose: {fileID: 8300000, guid: 78a484a06a96eb245a05287090ee6d5a, type: 3}
  - isLocked: 0
    visual: {fileID: 161508844002147891}
    isOpen: 0
    isDrawer: 0
    origin: {x: 0, y: 0, z: 0}
    destination: {x: 0, y: 90, z: 0}
    audioClipOpen: {fileID: 8300000, guid: 50871aead3fd0544b8206bd96599cc28, type: 3}
    audioClipClose: {fileID: 8300000, guid: 78a484a06a96eb245a05287090ee6d5a, type: 3}
  _monologue: {fileID: 11400000, guid: c43bd84fb73897041a413d4dcb3097d6, type: 2}
--- !u!114 &1329161742372611698
MonoBehaviour:
  m_ObjectHideFlags: 0
  m_CorrespondingSourceObject: {fileID: 0}
  m_PrefabInstance: {fileID: 0}
  m_PrefabAsset: {fileID: 0}
  m_GameObject: {fileID: 5827795088082525702}
  m_Enabled: 1
  m_EditorHideFlags: 0
  m_Script: {fileID: 11500000, guid: 26b716c41e9b56b4baafaf13a523ba2e, type: 3}
  m_Name: 
  m_EditorClassIdentifier: 
  <IsNested>k__BackingField: 0
  <ComponentIndex>k__BackingField: 0
  <PredictedSpawn>k__BackingField: {fileID: 0}
  _networkBehaviours:
  - {fileID: 6963091803456787384}
  - {fileID: 4045253588195311325}
  - {fileID: 8786013549935502306}
  - {fileID: 5920365662786623875}
  - {fileID: 1342686208687490938}
  - {fileID: 7063151494349659952}
  - {fileID: 7551449987143685200}
  - {fileID: 7173392525568635318}
  <SerializedRootNetworkBehaviour>k__BackingField: {fileID: 0}
  <NestedRootNetworkBehaviours>k__BackingField: []
  SerializedTransformProperties:
    Position: {x: -3.2966003, y: -0.19293213, z: -4.001}
    Rotation: {x: -0, y: 1, z: -0, w: 0}
    LocalScale: {x: 1, y: 1, z: 1}
  _isNetworked: 1
  _isSpawnable: 1
  _isGlobal: 0
  _initializeOrder: 0
  _defaultDespawnType: 0
  NetworkObserver: {fileID: 0}
  _enablePrediction: 0
  _predictionType: 0
  _graphicalObject: {fileID: 0}
  _detachGraphicalObject: 0
  _enableStateForwarding: 1
  _networkTransform: {fileID: 0}
  _ownerInterpolation: 1
  _ownerSmoothedProperties: 255
  _adaptiveInterpolation: 3
  _spectatorSmoothedProperties: 255
  _spectatorInterpolation: 2
  _enableTeleport: 0
  _teleportThreshold: 1
  <PrefabId>k__BackingField: 0
  <SpawnableCollectionId>k__BackingField: 0
  <SceneId>k__BackingField: 0
  <AssetPathHash>k__BackingField: 14819325659225392161
--- !u!1 &6373034999038742160
GameObject:
  m_ObjectHideFlags: 0
  m_CorrespondingSourceObject: {fileID: 0}
  m_PrefabInstance: {fileID: 0}
  m_PrefabAsset: {fileID: 0}
  serializedVersion: 6
  m_Component:
  - component: {fileID: 6455916566170173495}
  - component: {fileID: 3354024977174350397}
  - component: {fileID: 6732098666726996019}
  - component: {fileID: 5098436889502376337}
  - component: {fileID: 2922958898579615648}
  - component: {fileID: 8548054553297332479}
  - component: {fileID: 771300842256532062}
  - component: {fileID: 9019500499726649824}
  - component: {fileID: 7063151494349659952}
  - component: {fileID: 7439306856002972568}
  m_Layer: 0
  m_Name: SM_Shelf_TV_A1_Door3_LOD0
  m_TagString: Untagged
  m_Icon: {fileID: 0}
  m_NavMeshLayer: 0
  m_StaticEditorFlags: 0
  m_IsActive: 1
--- !u!4 &6455916566170173495
Transform:
  m_ObjectHideFlags: 0
  m_CorrespondingSourceObject: {fileID: 0}
  m_PrefabInstance: {fileID: 0}
  m_PrefabAsset: {fileID: 0}
  m_GameObject: {fileID: 6373034999038742160}
  serializedVersion: 2
  m_LocalRotation: {x: -0, y: 0.0000014007084, z: -0, w: 1}
  m_LocalPosition: {x: 0.0040039183, y: -0.1875689, z: -0.21061493}
  m_LocalScale: {x: 1, y: 1, z: 1}
  m_ConstrainProportionsScale: 0
  m_Children: []
  m_Father: {fileID: 721635583895282374}
  m_LocalEulerAnglesHint: {x: 0, y: 0, z: 0}
--- !u!23 &3354024977174350397
MeshRenderer:
  m_ObjectHideFlags: 0
  m_CorrespondingSourceObject: {fileID: 0}
  m_PrefabInstance: {fileID: 0}
  m_PrefabAsset: {fileID: 0}
  m_GameObject: {fileID: 6373034999038742160}
  m_Enabled: 1
  m_CastShadows: 1
  m_ReceiveShadows: 1
  m_DynamicOccludee: 1
  m_StaticShadowCaster: 0
  m_MotionVectors: 1
  m_LightProbeUsage: 1
  m_ReflectionProbeUsage: 1
  m_RayTracingMode: 2
  m_RayTraceProcedural: 0
  m_RenderingLayerMask: 1
  m_RendererPriority: 0
  m_Materials:
  - {fileID: 2100000, guid: abc00000000000618259655371204862, type: 2}
  m_StaticBatchInfo:
    firstSubMesh: 0
    subMeshCount: 0
  m_StaticBatchRoot: {fileID: 0}
  m_ProbeAnchor: {fileID: 0}
  m_LightProbeVolumeOverride: {fileID: 0}
  m_ScaleInLightmap: 1
  m_ReceiveGI: 1
  m_PreserveUVs: 1
  m_IgnoreNormalsForChartDetection: 0
  m_ImportantGI: 0
  m_StitchLightmapSeams: 1
  m_SelectedEditorRenderState: 3
  m_MinimumChartSize: 4
  m_AutoUVMaxDistance: 0.5
  m_AutoUVMaxAngle: 89
  m_LightmapParameters: {fileID: 0}
  m_SortingLayerID: 0
  m_SortingLayer: 0
  m_SortingOrder: 0
  m_AdditionalVertexStreams: {fileID: 0}
--- !u!33 &6732098666726996019
MeshFilter:
  m_ObjectHideFlags: 0
  m_CorrespondingSourceObject: {fileID: 0}
  m_PrefabInstance: {fileID: 0}
  m_PrefabAsset: {fileID: 0}
  m_GameObject: {fileID: 6373034999038742160}
  m_Mesh: {fileID: 4300002, guid: abc00000000016445920222185124891, type: 3}
--- !u!114 &5098436889502376337
MonoBehaviour:
  m_ObjectHideFlags: 0
  m_CorrespondingSourceObject: {fileID: 0}
  m_PrefabInstance: {fileID: 0}
  m_PrefabAsset: {fileID: 0}
  m_GameObject: {fileID: 6373034999038742160}
  m_Enabled: 0
  m_EditorHideFlags: 0
  m_Script: {fileID: 11500000, guid: 34ecc488e36747de8d483e940e7212ab, type: 3}
  m_Name: 
  m_EditorClassIdentifier: 
  complexMaskingMode: 0
  drawingMode: 1
  outlineLayer: 0
  outlineTargets:
  - IsVisible: 0
    CutoutMask: 8
    edgeDilateAmount: 5
    frontEdgeDilateAmount: 5
    backEdgeDilateAmount: 5
    renderer: {fileID: 3354024977174350397}
    SubmeshIndex: 0
    BoundsMode: 0
    Bounds:
      m_Center: {x: 0, y: 0, z: 0}
      m_Extent: {x: 0.5, y: 0.5, z: 0.5}
    CutoutThreshold: 0.5
    CullMode: 2
    cutoutTextureName: 
    DilateRenderingMode: 0
    cutoutTextureIndex: 0
  renderStyle: 1
  outlineParameters:
    enabled: 1
    color: {r: 0.015686275, g: 0.4862745, b: 1, a: 1}
    dilateShift: 1
    blurShift: 1
    fillPass:
      shader: {fileID: 0}
      serializedProperties: []
  backParameters:
    enabled: 1
    color: {r: 1, g: 0.92156863, b: 0.015686275, a: 1}
    dilateShift: 1
    blurShift: 1
    fillPass:
      shader: {fileID: 0}
      serializedProperties: []
  frontParameters:
    enabled: 1
    color: {r: 1, g: 0.92156863, b: 0.015686275, a: 1}
    dilateShift: 1
    blurShift: 1
    fillPass:
      shader: {fileID: 0}
      serializedProperties: []
--- !u!114 &2922958898579615648
MonoBehaviour:
  m_ObjectHideFlags: 0
  m_CorrespondingSourceObject: {fileID: 0}
  m_PrefabInstance: {fileID: 0}
  m_PrefabAsset: {fileID: 0}
  m_GameObject: {fileID: 6373034999038742160}
  m_Enabled: 1
  m_EditorHideFlags: 0
  m_Script: {fileID: 11500000, guid: 034bc47afcbf5e141a58d5c20b7808e4, type: 3}
  m_Name: 
  m_EditorClassIdentifier: 
--- !u!114 &8548054553297332479
MonoBehaviour:
  m_ObjectHideFlags: 0
  m_CorrespondingSourceObject: {fileID: 0}
  m_PrefabInstance: {fileID: 0}
  m_PrefabAsset: {fileID: 0}
  m_GameObject: {fileID: 6373034999038742160}
  m_Enabled: 0
  m_EditorHideFlags: 0
  m_Script: {fileID: 11500000, guid: b1dababc44054dae9fb0793bed13782d, type: 3}
  m_Name: 
  m_EditorClassIdentifier: 
  complexMaskingMode: 0
  drawingMode: 1
  outlineLayer: 0
  outlineTargets:
  - IsVisible: 0
    CutoutMask: 8
    edgeDilateAmount: 5
    frontEdgeDilateAmount: 5
    backEdgeDilateAmount: 5
    renderer: {fileID: 3354024977174350397}
    SubmeshIndex: 0
    BoundsMode: 0
    Bounds:
      m_Center: {x: 0, y: 0, z: 0}
      m_Extent: {x: 0.5, y: 0.5, z: 0.5}
    CutoutThreshold: 0.5
    CullMode: 2
    cutoutTextureName: 
    DilateRenderingMode: 0
    cutoutTextureIndex: 0
  renderStyle: 1
  outlineParameters:
    enabled: 1
    color: {r: 1, g: 0, b: 0, a: 1}
    dilateShift: 1
    blurShift: 1
    fillPass:
      shader: {fileID: 0}
      serializedProperties: []
  backParameters:
    enabled: 1
    color: {r: 1, g: 0.92156863, b: 0.015686275, a: 1}
    dilateShift: 1
    blurShift: 1
    fillPass:
      shader: {fileID: 0}
      serializedProperties: []
  frontParameters:
    enabled: 1
    color: {r: 1, g: 0.92156863, b: 0.015686275, a: 1}
    dilateShift: 1
    blurShift: 1
    fillPass:
      shader: {fileID: 0}
      serializedProperties: []
--- !u!114 &771300842256532062
MonoBehaviour:
  m_ObjectHideFlags: 0
  m_CorrespondingSourceObject: {fileID: 0}
  m_PrefabInstance: {fileID: 0}
  m_PrefabAsset: {fileID: 0}
  m_GameObject: {fileID: 6373034999038742160}
  m_Enabled: 1
  m_EditorHideFlags: 0
  m_Script: {fileID: 11500000, guid: 9862e7dc2287478fb7add8b132cc90cf, type: 3}
  m_Name: 
  m_EditorClassIdentifier: 
--- !u!114 &9019500499726649824
MonoBehaviour:
  m_ObjectHideFlags: 0
  m_CorrespondingSourceObject: {fileID: 0}
  m_PrefabInstance: {fileID: 0}
  m_PrefabAsset: {fileID: 0}
  m_GameObject: {fileID: 6373034999038742160}
  m_Enabled: 1
  m_EditorHideFlags: 0
  m_Script: {fileID: 11500000, guid: eb3b34d678234b648bd08d0b50c65ba7, type: 3}
  m_Name: 
  m_EditorClassIdentifier: 
  ToolTip: <style=Interaction/Interact> to open/closed
--- !u!114 &7063151494349659952
MonoBehaviour:
  m_ObjectHideFlags: 0
  m_CorrespondingSourceObject: {fileID: 0}
  m_PrefabInstance: {fileID: 0}
  m_PrefabAsset: {fileID: 0}
  m_GameObject: {fileID: 6373034999038742160}
  m_Enabled: 1
  m_EditorHideFlags: 0
  m_Script: {fileID: 11500000, guid: cacd19cbb614e574ebd43e9db8974cc2, type: 3}
  m_Name: 
  m_EditorClassIdentifier: 
  _componentIndexCache: 5
  _addedNetworkObject: {fileID: 1329161742372611698}
  _networkObjectCache: {fileID: 1329161742372611698}
  OnObserverChange:
    m_PersistentCalls:
      m_Calls: []
  <OnInteractBefore>k__BackingField:
    m_PersistentCalls:
      m_Calls: []
  <OnInteract>k__BackingField:
    m_PersistentCalls:
      m_Calls:
      - m_Target: {fileID: 2884941594031794417}
        m_TargetAssemblyTypeName: UniwersalDrawerManager, Assembly-CSharp
        m_MethodName: InteractDrawer
        m_Mode: 3
        m_Arguments:
          m_ObjectArgument: {fileID: 0}
          m_ObjectArgumentAssemblyTypeName: UnityEngine.Object, UnityEngine
          m_IntArgument: 5
          m_FloatArgument: 0
          m_StringArgument: 
          m_BoolArgument: 0
        m_CallState: 2
  <OnInteractAfter>k__BackingField:
    m_PersistentCalls:
      m_Calls: []
  <OnFailedInteractionBefore>k__BackingField:
    m_PersistentCalls:
      m_Calls: []
  <OnFailedInteraction>k__BackingField:
    m_PersistentCalls:
      m_Calls: []
  <OnFailedInteractionAfter>k__BackingField:
    m_PersistentCalls:
      m_Calls: []
  <OnPointerEnter>k__BackingField:
    m_PersistentCalls:
      m_Calls: []
  <OnPointerExit>k__BackingField:
    m_PersistentCalls:
      m_Calls: []
  <OnServerInteractBefore>k__BackingField:
    m_PersistentCalls:
      m_Calls: []
  <OnServerInteract>k__BackingField:
    m_PersistentCalls:
      m_Calls: []
  <OnServerInteractAfter>k__BackingField:
    m_PersistentCalls:
      m_Calls: []
  <OnFailedLocalInteractBefore>k__BackingField:
    m_PersistentCalls:
      m_Calls: []
  <OnFailedLocalInteract>k__BackingField:
    m_PersistentCalls:
      m_Calls: []
  <OnFailedLocalInteractAfter>k__BackingField:
    m_PersistentCalls:
      m_Calls: []
  <OnLocalInteractBefore>k__BackingField:
    m_PersistentCalls:
      m_Calls: []
  <OnLocalInteract>k__BackingField:
    m_PersistentCalls:
      m_Calls: []
  <OnLocalInteractAfter>k__BackingField:
    m_PersistentCalls:
      m_Calls: []
  <OnFailedInteractBefore>k__BackingField:
    m_PersistentCalls:
      m_Calls: []
  <OnFailedInteract>k__BackingField:
    m_PersistentCalls:
      m_Calls: []
  <OnFailedInteractAfter>k__BackingField:
    m_PersistentCalls:
      m_Calls: []
--- !u!64 &7439306856002972568
MeshCollider:
  m_ObjectHideFlags: 0
  m_CorrespondingSourceObject: {fileID: 0}
  m_PrefabInstance: {fileID: 0}
  m_PrefabAsset: {fileID: 0}
  m_GameObject: {fileID: 6373034999038742160}
  m_Material: {fileID: 0}
  m_IncludeLayers:
    serializedVersion: 2
    m_Bits: 0
  m_ExcludeLayers:
    serializedVersion: 2
    m_Bits: 0
  m_LayerOverridePriority: 0
  m_IsTrigger: 0
  m_ProvidesContacts: 0
  m_Enabled: 1
  serializedVersion: 5
  m_Convex: 0
  m_CookingOptions: 30
  m_Mesh: {fileID: 4300002, guid: abc00000000016445920222185124891, type: 3}
--- !u!1 &6857225705734877287
GameObject:
  m_ObjectHideFlags: 0
  m_CorrespondingSourceObject: {fileID: 0}
  m_PrefabInstance: {fileID: 0}
  m_PrefabAsset: {fileID: 0}
  serializedVersion: 6
  m_Component:
  - component: {fileID: 9061033993479796029}
  - component: {fileID: 5670391466741318983}
  - component: {fileID: 9200418896003405096}
  - component: {fileID: 3841899521255173970}
  - component: {fileID: 8010760891500335630}
  - component: {fileID: 4201632745803057244}
  - component: {fileID: 3072146323597487093}
  - component: {fileID: 3392862253657935080}
  - component: {fileID: 6963091803456787384}
  - component: {fileID: 1536157777117331536}
  m_Layer: 0
  m_Name: SM_Shelf_TV_A1_Door4_LOD0
  m_TagString: Untagged
  m_Icon: {fileID: 0}
  m_NavMeshLayer: 0
  m_StaticEditorFlags: 0
  m_IsActive: 1
--- !u!4 &9061033993479796029
Transform:
  m_ObjectHideFlags: 0
  m_CorrespondingSourceObject: {fileID: 0}
  m_PrefabInstance: {fileID: 0}
  m_PrefabAsset: {fileID: 0}
  m_GameObject: {fileID: 6857225705734877287}
  serializedVersion: 2
  m_LocalRotation: {x: -0, y: 0.0000014007084, z: -0, w: 1}
  m_LocalPosition: {x: 0.004003922, y: -0.0009570122, z: -0.20933594}
  m_LocalScale: {x: 1, y: 1, z: 1}
  m_ConstrainProportionsScale: 0
  m_Children: []
  m_Father: {fileID: 721635583895282374}
  m_LocalEulerAnglesHint: {x: 0, y: 0, z: 0}
--- !u!23 &5670391466741318983
MeshRenderer:
  m_ObjectHideFlags: 0
  m_CorrespondingSourceObject: {fileID: 0}
  m_PrefabInstance: {fileID: 0}
  m_PrefabAsset: {fileID: 0}
  m_GameObject: {fileID: 6857225705734877287}
  m_Enabled: 1
  m_CastShadows: 1
  m_ReceiveShadows: 1
  m_DynamicOccludee: 1
  m_StaticShadowCaster: 0
  m_MotionVectors: 1
  m_LightProbeUsage: 1
  m_ReflectionProbeUsage: 1
  m_RayTracingMode: 2
  m_RayTraceProcedural: 0
  m_RenderingLayerMask: 1
  m_RendererPriority: 0
  m_Materials:
  - {fileID: 2100000, guid: abc00000000000618259655371204862, type: 2}
  m_StaticBatchInfo:
    firstSubMesh: 0
    subMeshCount: 0
  m_StaticBatchRoot: {fileID: 0}
  m_ProbeAnchor: {fileID: 0}
  m_LightProbeVolumeOverride: {fileID: 0}
  m_ScaleInLightmap: 1
  m_ReceiveGI: 1
  m_PreserveUVs: 1
  m_IgnoreNormalsForChartDetection: 0
  m_ImportantGI: 0
  m_StitchLightmapSeams: 1
  m_SelectedEditorRenderState: 3
  m_MinimumChartSize: 4
  m_AutoUVMaxDistance: 0.5
  m_AutoUVMaxAngle: 89
  m_LightmapParameters: {fileID: 0}
  m_SortingLayerID: 0
  m_SortingLayer: 0
  m_SortingOrder: 0
  m_AdditionalVertexStreams: {fileID: 0}
--- !u!33 &9200418896003405096
MeshFilter:
  m_ObjectHideFlags: 0
  m_CorrespondingSourceObject: {fileID: 0}
  m_PrefabInstance: {fileID: 0}
  m_PrefabAsset: {fileID: 0}
  m_GameObject: {fileID: 6857225705734877287}
  m_Mesh: {fileID: 4300002, guid: abc00000000013207972056408117652, type: 3}
--- !u!114 &3841899521255173970
MonoBehaviour:
  m_ObjectHideFlags: 0
  m_CorrespondingSourceObject: {fileID: 0}
  m_PrefabInstance: {fileID: 0}
  m_PrefabAsset: {fileID: 0}
  m_GameObject: {fileID: 6857225705734877287}
  m_Enabled: 0
  m_EditorHideFlags: 0
  m_Script: {fileID: 11500000, guid: 34ecc488e36747de8d483e940e7212ab, type: 3}
  m_Name: 
  m_EditorClassIdentifier: 
  complexMaskingMode: 0
  drawingMode: 1
  outlineLayer: 0
  outlineTargets:
  - IsVisible: 0
    CutoutMask: 8
    edgeDilateAmount: 5
    frontEdgeDilateAmount: 5
    backEdgeDilateAmount: 5
    renderer: {fileID: 5670391466741318983}
    SubmeshIndex: 0
    BoundsMode: 0
    Bounds:
      m_Center: {x: 0, y: 0, z: 0}
      m_Extent: {x: 0.5, y: 0.5, z: 0.5}
    CutoutThreshold: 0.5
    CullMode: 2
    cutoutTextureName: 
    DilateRenderingMode: 0
    cutoutTextureIndex: 0
  renderStyle: 1
  outlineParameters:
    enabled: 1
    color: {r: 0.015686275, g: 0.4862745, b: 1, a: 1}
    dilateShift: 1
    blurShift: 1
    fillPass:
      shader: {fileID: 0}
      serializedProperties: []
  backParameters:
    enabled: 1
    color: {r: 1, g: 0.92156863, b: 0.015686275, a: 1}
    dilateShift: 1
    blurShift: 1
    fillPass:
      shader: {fileID: 0}
      serializedProperties: []
  frontParameters:
    enabled: 1
    color: {r: 1, g: 0.92156863, b: 0.015686275, a: 1}
    dilateShift: 1
    blurShift: 1
    fillPass:
      shader: {fileID: 0}
      serializedProperties: []
--- !u!114 &8010760891500335630
MonoBehaviour:
  m_ObjectHideFlags: 0
  m_CorrespondingSourceObject: {fileID: 0}
  m_PrefabInstance: {fileID: 0}
  m_PrefabAsset: {fileID: 0}
  m_GameObject: {fileID: 6857225705734877287}
  m_Enabled: 1
  m_EditorHideFlags: 0
  m_Script: {fileID: 11500000, guid: 034bc47afcbf5e141a58d5c20b7808e4, type: 3}
  m_Name: 
  m_EditorClassIdentifier: 
--- !u!114 &4201632745803057244
MonoBehaviour:
  m_ObjectHideFlags: 0
  m_CorrespondingSourceObject: {fileID: 0}
  m_PrefabInstance: {fileID: 0}
  m_PrefabAsset: {fileID: 0}
  m_GameObject: {fileID: 6857225705734877287}
  m_Enabled: 0
  m_EditorHideFlags: 0
  m_Script: {fileID: 11500000, guid: b1dababc44054dae9fb0793bed13782d, type: 3}
  m_Name: 
  m_EditorClassIdentifier: 
  complexMaskingMode: 0
  drawingMode: 1
  outlineLayer: 0
  outlineTargets:
  - IsVisible: 0
    CutoutMask: 8
    edgeDilateAmount: 5
    frontEdgeDilateAmount: 5
    backEdgeDilateAmount: 5
    renderer: {fileID: 5670391466741318983}
    SubmeshIndex: 0
    BoundsMode: 0
    Bounds:
      m_Center: {x: 0, y: 0, z: 0}
      m_Extent: {x: 0.5, y: 0.5, z: 0.5}
    CutoutThreshold: 0.5
    CullMode: 2
    cutoutTextureName: 
    DilateRenderingMode: 0
    cutoutTextureIndex: 0
  renderStyle: 1
  outlineParameters:
    enabled: 1
    color: {r: 1, g: 0, b: 0, a: 1}
    dilateShift: 1
    blurShift: 1
    fillPass:
      shader: {fileID: 0}
      serializedProperties: []
  backParameters:
    enabled: 1
    color: {r: 1, g: 0.92156863, b: 0.015686275, a: 1}
    dilateShift: 1
    blurShift: 1
    fillPass:
      shader: {fileID: 0}
      serializedProperties: []
  frontParameters:
    enabled: 1
    color: {r: 1, g: 0.92156863, b: 0.015686275, a: 1}
    dilateShift: 1
    blurShift: 1
    fillPass:
      shader: {fileID: 0}
      serializedProperties: []
--- !u!114 &3072146323597487093
MonoBehaviour:
  m_ObjectHideFlags: 0
  m_CorrespondingSourceObject: {fileID: 0}
  m_PrefabInstance: {fileID: 0}
  m_PrefabAsset: {fileID: 0}
  m_GameObject: {fileID: 6857225705734877287}
  m_Enabled: 1
  m_EditorHideFlags: 0
  m_Script: {fileID: 11500000, guid: 9862e7dc2287478fb7add8b132cc90cf, type: 3}
  m_Name: 
  m_EditorClassIdentifier: 
--- !u!114 &3392862253657935080
MonoBehaviour:
  m_ObjectHideFlags: 0
  m_CorrespondingSourceObject: {fileID: 0}
  m_PrefabInstance: {fileID: 0}
  m_PrefabAsset: {fileID: 0}
  m_GameObject: {fileID: 6857225705734877287}
  m_Enabled: 1
  m_EditorHideFlags: 0
  m_Script: {fileID: 11500000, guid: eb3b34d678234b648bd08d0b50c65ba7, type: 3}
  m_Name: 
  m_EditorClassIdentifier: 
  ToolTip: <style=Interaction/Interact> to open/closed
--- !u!114 &6963091803456787384
MonoBehaviour:
  m_ObjectHideFlags: 0
  m_CorrespondingSourceObject: {fileID: 0}
  m_PrefabInstance: {fileID: 0}
  m_PrefabAsset: {fileID: 0}
  m_GameObject: {fileID: 6857225705734877287}
  m_Enabled: 1
  m_EditorHideFlags: 0
  m_Script: {fileID: 11500000, guid: cacd19cbb614e574ebd43e9db8974cc2, type: 3}
  m_Name: 
  m_EditorClassIdentifier: 
  _componentIndexCache: 0
  _addedNetworkObject: {fileID: 1329161742372611698}
  _networkObjectCache: {fileID: 1329161742372611698}
  OnObserverChange:
    m_PersistentCalls:
      m_Calls: []
  <OnInteractBefore>k__BackingField:
    m_PersistentCalls:
      m_Calls: []
  <OnInteract>k__BackingField:
    m_PersistentCalls:
      m_Calls:
      - m_Target: {fileID: 2884941594031794417}
        m_TargetAssemblyTypeName: UniwersalDrawerManager, Assembly-CSharp
        m_MethodName: InteractDrawer
        m_Mode: 3
        m_Arguments:
          m_ObjectArgument: {fileID: 0}
          m_ObjectArgumentAssemblyTypeName: UnityEngine.Object, UnityEngine
          m_IntArgument: 0
          m_FloatArgument: 0
          m_StringArgument: 
          m_BoolArgument: 0
        m_CallState: 2
  <OnInteractAfter>k__BackingField:
    m_PersistentCalls:
      m_Calls: []
  <OnFailedInteractionBefore>k__BackingField:
    m_PersistentCalls:
      m_Calls: []
  <OnFailedInteraction>k__BackingField:
    m_PersistentCalls:
      m_Calls: []
  <OnFailedInteractionAfter>k__BackingField:
    m_PersistentCalls:
      m_Calls: []
  <OnPointerEnter>k__BackingField:
    m_PersistentCalls:
      m_Calls: []
  <OnPointerExit>k__BackingField:
    m_PersistentCalls:
      m_Calls: []
  <OnServerInteractBefore>k__BackingField:
    m_PersistentCalls:
      m_Calls: []
  <OnServerInteract>k__BackingField:
    m_PersistentCalls:
      m_Calls: []
  <OnServerInteractAfter>k__BackingField:
    m_PersistentCalls:
      m_Calls: []
  <OnFailedLocalInteractBefore>k__BackingField:
    m_PersistentCalls:
      m_Calls: []
  <OnFailedLocalInteract>k__BackingField:
    m_PersistentCalls:
      m_Calls: []
  <OnFailedLocalInteractAfter>k__BackingField:
    m_PersistentCalls:
      m_Calls: []
  <OnLocalInteractBefore>k__BackingField:
    m_PersistentCalls:
      m_Calls: []
  <OnLocalInteract>k__BackingField:
    m_PersistentCalls:
      m_Calls: []
  <OnLocalInteractAfter>k__BackingField:
    m_PersistentCalls:
      m_Calls: []
  <OnFailedInteractBefore>k__BackingField:
    m_PersistentCalls:
      m_Calls: []
  <OnFailedInteract>k__BackingField:
    m_PersistentCalls:
      m_Calls: []
  <OnFailedInteractAfter>k__BackingField:
    m_PersistentCalls:
      m_Calls: []
--- !u!64 &1536157777117331536
MeshCollider:
  m_ObjectHideFlags: 0
  m_CorrespondingSourceObject: {fileID: 0}
  m_PrefabInstance: {fileID: 0}
  m_PrefabAsset: {fileID: 0}
  m_GameObject: {fileID: 6857225705734877287}
  m_Material: {fileID: 0}
  m_IncludeLayers:
    serializedVersion: 2
    m_Bits: 0
  m_ExcludeLayers:
    serializedVersion: 2
    m_Bits: 0
  m_LayerOverridePriority: 0
  m_IsTrigger: 0
  m_ProvidesContacts: 0
  m_Enabled: 1
  serializedVersion: 5
  m_Convex: 0
  m_CookingOptions: 30
  m_Mesh: {fileID: 4300002, guid: abc00000000013207972056408117652, type: 3}
--- !u!1 &7157732527190874080
GameObject:
  m_ObjectHideFlags: 0
  m_CorrespondingSourceObject: {fileID: 0}
  m_PrefabInstance: {fileID: 0}
  m_PrefabAsset: {fileID: 0}
  serializedVersion: 6
  m_Component:
  - component: {fileID: 5619292060854584495}
  - component: {fileID: 2381143381093957916}
  - component: {fileID: 2119433522556276465}
  - component: {fileID: 4672904415508311272}
  - component: {fileID: 1976928321443467855}
  - component: {fileID: 85631948167813231}
  - component: {fileID: 8923485847754533958}
  - component: {fileID: 1251105619693213514}
  - component: {fileID: 8786013549935502306}
  - component: {fileID: 2316628859156340536}
  m_Layer: 0
  m_Name: SM_Shelf_TV_A1_Door4_LOD0
  m_TagString: Untagged
  m_Icon: {fileID: 0}
  m_NavMeshLayer: 0
  m_StaticEditorFlags: 0
  m_IsActive: 1
--- !u!4 &5619292060854584495
Transform:
  m_ObjectHideFlags: 0
  m_CorrespondingSourceObject: {fileID: 0}
  m_PrefabInstance: {fileID: 0}
  m_PrefabAsset: {fileID: 0}
  m_GameObject: {fileID: 7157732527190874080}
  serializedVersion: 2
  m_LocalRotation: {x: -0, y: 0.0000014007084, z: -0, w: 1}
  m_LocalPosition: {x: 0.004006435, y: -0.00094795227, z: 0.94307226}
  m_LocalScale: {x: 1, y: 1, z: 1}
  m_ConstrainProportionsScale: 0
  m_Children: []
  m_Father: {fileID: 721635583895282374}
  m_LocalEulerAnglesHint: {x: 0, y: 0, z: 0}
--- !u!23 &2381143381093957916
MeshRenderer:
  m_ObjectHideFlags: 0
  m_CorrespondingSourceObject: {fileID: 0}
  m_PrefabInstance: {fileID: 0}
  m_PrefabAsset: {fileID: 0}
  m_GameObject: {fileID: 7157732527190874080}
  m_Enabled: 1
  m_CastShadows: 1
  m_ReceiveShadows: 1
  m_DynamicOccludee: 1
  m_StaticShadowCaster: 0
  m_MotionVectors: 1
  m_LightProbeUsage: 1
  m_ReflectionProbeUsage: 1
  m_RayTracingMode: 2
  m_RayTraceProcedural: 0
  m_RenderingLayerMask: 1
  m_RendererPriority: 0
  m_Materials:
  - {fileID: 2100000, guid: abc00000000000618259655371204862, type: 2}
  m_StaticBatchInfo:
    firstSubMesh: 0
    subMeshCount: 0
  m_StaticBatchRoot: {fileID: 0}
  m_ProbeAnchor: {fileID: 0}
  m_LightProbeVolumeOverride: {fileID: 0}
  m_ScaleInLightmap: 1
  m_ReceiveGI: 1
  m_PreserveUVs: 1
  m_IgnoreNormalsForChartDetection: 0
  m_ImportantGI: 0
  m_StitchLightmapSeams: 1
  m_SelectedEditorRenderState: 3
  m_MinimumChartSize: 4
  m_AutoUVMaxDistance: 0.5
  m_AutoUVMaxAngle: 89
  m_LightmapParameters: {fileID: 0}
  m_SortingLayerID: 0
  m_SortingLayer: 0
  m_SortingOrder: 0
  m_AdditionalVertexStreams: {fileID: 0}
--- !u!33 &2119433522556276465
MeshFilter:
  m_ObjectHideFlags: 0
  m_CorrespondingSourceObject: {fileID: 0}
  m_PrefabInstance: {fileID: 0}
  m_PrefabAsset: {fileID: 0}
  m_GameObject: {fileID: 7157732527190874080}
  m_Mesh: {fileID: 4300002, guid: abc00000000013207972056408117652, type: 3}
--- !u!114 &4672904415508311272
MonoBehaviour:
  m_ObjectHideFlags: 0
  m_CorrespondingSourceObject: {fileID: 0}
  m_PrefabInstance: {fileID: 0}
  m_PrefabAsset: {fileID: 0}
  m_GameObject: {fileID: 7157732527190874080}
  m_Enabled: 0
  m_EditorHideFlags: 0
  m_Script: {fileID: 11500000, guid: 34ecc488e36747de8d483e940e7212ab, type: 3}
  m_Name: 
  m_EditorClassIdentifier: 
  complexMaskingMode: 0
  drawingMode: 1
  outlineLayer: 0
  outlineTargets:
  - IsVisible: 0
    CutoutMask: 8
    edgeDilateAmount: 5
    frontEdgeDilateAmount: 5
    backEdgeDilateAmount: 5
    renderer: {fileID: 2381143381093957916}
    SubmeshIndex: 0
    BoundsMode: 0
    Bounds:
      m_Center: {x: 0, y: 0, z: 0}
      m_Extent: {x: 0.5, y: 0.5, z: 0.5}
    CutoutThreshold: 0.5
    CullMode: 2
    cutoutTextureName: 
    DilateRenderingMode: 0
    cutoutTextureIndex: 0
  renderStyle: 1
  outlineParameters:
    enabled: 1
    color: {r: 0.015686275, g: 0.4862745, b: 1, a: 1}
    dilateShift: 1
    blurShift: 1
    fillPass:
      shader: {fileID: 0}
      serializedProperties: []
  backParameters:
    enabled: 1
    color: {r: 1, g: 0.92156863, b: 0.015686275, a: 1}
    dilateShift: 1
    blurShift: 1
    fillPass:
      shader: {fileID: 0}
      serializedProperties: []
  frontParameters:
    enabled: 1
    color: {r: 1, g: 0.92156863, b: 0.015686275, a: 1}
    dilateShift: 1
    blurShift: 1
    fillPass:
      shader: {fileID: 0}
      serializedProperties: []
--- !u!114 &1976928321443467855
MonoBehaviour:
  m_ObjectHideFlags: 0
  m_CorrespondingSourceObject: {fileID: 0}
  m_PrefabInstance: {fileID: 0}
  m_PrefabAsset: {fileID: 0}
  m_GameObject: {fileID: 7157732527190874080}
  m_Enabled: 1
  m_EditorHideFlags: 0
  m_Script: {fileID: 11500000, guid: 034bc47afcbf5e141a58d5c20b7808e4, type: 3}
  m_Name: 
  m_EditorClassIdentifier: 
--- !u!114 &85631948167813231
MonoBehaviour:
  m_ObjectHideFlags: 0
  m_CorrespondingSourceObject: {fileID: 0}
  m_PrefabInstance: {fileID: 0}
  m_PrefabAsset: {fileID: 0}
  m_GameObject: {fileID: 7157732527190874080}
  m_Enabled: 0
  m_EditorHideFlags: 0
  m_Script: {fileID: 11500000, guid: b1dababc44054dae9fb0793bed13782d, type: 3}
  m_Name: 
  m_EditorClassIdentifier: 
  complexMaskingMode: 0
  drawingMode: 1
  outlineLayer: 0
  outlineTargets:
  - IsVisible: 0
    CutoutMask: 8
    edgeDilateAmount: 5
    frontEdgeDilateAmount: 5
    backEdgeDilateAmount: 5
    renderer: {fileID: 2381143381093957916}
    SubmeshIndex: 0
    BoundsMode: 0
    Bounds:
      m_Center: {x: 0, y: 0, z: 0}
      m_Extent: {x: 0.5, y: 0.5, z: 0.5}
    CutoutThreshold: 0.5
    CullMode: 2
    cutoutTextureName: 
    DilateRenderingMode: 0
    cutoutTextureIndex: 0
  renderStyle: 1
  outlineParameters:
    enabled: 1
    color: {r: 1, g: 0, b: 0, a: 1}
    dilateShift: 1
    blurShift: 1
    fillPass:
      shader: {fileID: 0}
      serializedProperties: []
  backParameters:
    enabled: 1
    color: {r: 1, g: 0.92156863, b: 0.015686275, a: 1}
    dilateShift: 1
    blurShift: 1
    fillPass:
      shader: {fileID: 0}
      serializedProperties: []
  frontParameters:
    enabled: 1
    color: {r: 1, g: 0.92156863, b: 0.015686275, a: 1}
    dilateShift: 1
    blurShift: 1
    fillPass:
      shader: {fileID: 0}
      serializedProperties: []
--- !u!114 &8923485847754533958
MonoBehaviour:
  m_ObjectHideFlags: 0
  m_CorrespondingSourceObject: {fileID: 0}
  m_PrefabInstance: {fileID: 0}
  m_PrefabAsset: {fileID: 0}
  m_GameObject: {fileID: 7157732527190874080}
  m_Enabled: 1
  m_EditorHideFlags: 0
  m_Script: {fileID: 11500000, guid: 9862e7dc2287478fb7add8b132cc90cf, type: 3}
  m_Name: 
  m_EditorClassIdentifier: 
--- !u!114 &1251105619693213514
MonoBehaviour:
  m_ObjectHideFlags: 0
  m_CorrespondingSourceObject: {fileID: 0}
  m_PrefabInstance: {fileID: 0}
  m_PrefabAsset: {fileID: 0}
  m_GameObject: {fileID: 7157732527190874080}
  m_Enabled: 1
  m_EditorHideFlags: 0
  m_Script: {fileID: 11500000, guid: eb3b34d678234b648bd08d0b50c65ba7, type: 3}
  m_Name: 
  m_EditorClassIdentifier: 
  ToolTip: <style=Interaction/Interact> to open/closed
--- !u!114 &8786013549935502306
MonoBehaviour:
  m_ObjectHideFlags: 0
  m_CorrespondingSourceObject: {fileID: 0}
  m_PrefabInstance: {fileID: 0}
  m_PrefabAsset: {fileID: 0}
  m_GameObject: {fileID: 7157732527190874080}
  m_Enabled: 1
  m_EditorHideFlags: 0
  m_Script: {fileID: 11500000, guid: cacd19cbb614e574ebd43e9db8974cc2, type: 3}
  m_Name: 
  m_EditorClassIdentifier: 
  _componentIndexCache: 2
  _addedNetworkObject: {fileID: 1329161742372611698}
  _networkObjectCache: {fileID: 1329161742372611698}
  OnObserverChange:
    m_PersistentCalls:
      m_Calls: []
  <OnInteractBefore>k__BackingField:
    m_PersistentCalls:
      m_Calls: []
  <OnInteract>k__BackingField:
    m_PersistentCalls:
      m_Calls:
      - m_Target: {fileID: 2884941594031794417}
        m_TargetAssemblyTypeName: UniwersalDrawerManager, Assembly-CSharp
        m_MethodName: InteractDrawer
        m_Mode: 3
        m_Arguments:
          m_ObjectArgument: {fileID: 0}
          m_ObjectArgumentAssemblyTypeName: UnityEngine.Object, UnityEngine
          m_IntArgument: 2
          m_FloatArgument: 0
          m_StringArgument: 
          m_BoolArgument: 0
        m_CallState: 2
  <OnInteractAfter>k__BackingField:
    m_PersistentCalls:
      m_Calls: []
  <OnFailedInteractionBefore>k__BackingField:
    m_PersistentCalls:
      m_Calls: []
  <OnFailedInteraction>k__BackingField:
    m_PersistentCalls:
      m_Calls: []
  <OnFailedInteractionAfter>k__BackingField:
    m_PersistentCalls:
      m_Calls: []
  <OnPointerEnter>k__BackingField:
    m_PersistentCalls:
      m_Calls: []
  <OnPointerExit>k__BackingField:
    m_PersistentCalls:
      m_Calls: []
  <OnServerInteractBefore>k__BackingField:
    m_PersistentCalls:
      m_Calls: []
  <OnServerInteract>k__BackingField:
    m_PersistentCalls:
      m_Calls: []
  <OnServerInteractAfter>k__BackingField:
    m_PersistentCalls:
      m_Calls: []
  <OnFailedLocalInteractBefore>k__BackingField:
    m_PersistentCalls:
      m_Calls: []
  <OnFailedLocalInteract>k__BackingField:
    m_PersistentCalls:
      m_Calls: []
  <OnFailedLocalInteractAfter>k__BackingField:
    m_PersistentCalls:
      m_Calls: []
  <OnLocalInteractBefore>k__BackingField:
    m_PersistentCalls:
      m_Calls: []
  <OnLocalInteract>k__BackingField:
    m_PersistentCalls:
      m_Calls: []
  <OnLocalInteractAfter>k__BackingField:
    m_PersistentCalls:
      m_Calls: []
  <OnFailedInteractBefore>k__BackingField:
    m_PersistentCalls:
      m_Calls: []
  <OnFailedInteract>k__BackingField:
    m_PersistentCalls:
      m_Calls: []
  <OnFailedInteractAfter>k__BackingField:
    m_PersistentCalls:
      m_Calls: []
--- !u!64 &2316628859156340536
MeshCollider:
  m_ObjectHideFlags: 0
  m_CorrespondingSourceObject: {fileID: 0}
  m_PrefabInstance: {fileID: 0}
  m_PrefabAsset: {fileID: 0}
  m_GameObject: {fileID: 7157732527190874080}
  m_Material: {fileID: 0}
  m_IncludeLayers:
    serializedVersion: 2
    m_Bits: 0
  m_ExcludeLayers:
    serializedVersion: 2
    m_Bits: 0
  m_LayerOverridePriority: 0
  m_IsTrigger: 0
  m_ProvidesContacts: 0
  m_Enabled: 1
  serializedVersion: 5
  m_Convex: 0
  m_CookingOptions: 30
  m_Mesh: {fileID: 4300002, guid: abc00000000013207972056408117652, type: 3}
--- !u!1 &7646009113739591392
GameObject:
  m_ObjectHideFlags: 0
  m_CorrespondingSourceObject: {fileID: 0}
  m_PrefabInstance: {fileID: 0}
  m_PrefabAsset: {fileID: 0}
  serializedVersion: 6
  m_Component:
  - component: {fileID: 4282820227050128008}
  - component: {fileID: 1485862037293827115}
  - component: {fileID: 4654676318234774506}
  - component: {fileID: 5624796039569673604}
  - component: {fileID: 6148934968721291101}
  - component: {fileID: 4140675058114852737}
  - component: {fileID: 1104601511429586256}
  - component: {fileID: 8067167010791086759}
  - component: {fileID: 4045253588195311325}
  - component: {fileID: 285247981887969981}
  m_Layer: 0
  m_Name: SM_Shelf_TV_A1_Door5_LOD0
  m_TagString: Untagged
  m_Icon: {fileID: 0}
  m_NavMeshLayer: 0
  m_StaticEditorFlags: 0
  m_IsActive: 1
--- !u!4 &4282820227050128008
Transform:
  m_ObjectHideFlags: 0
  m_CorrespondingSourceObject: {fileID: 0}
  m_PrefabInstance: {fileID: 0}
  m_PrefabAsset: {fileID: 0}
  m_GameObject: {fileID: 7646009113739591392}
  serializedVersion: 2
  m_LocalRotation: {x: -0, y: 0.0000014007084, z: -0, w: 1}
  m_LocalPosition: {x: 0.0040064375, y: 0.18557596, z: 0.9440472}
  m_LocalScale: {x: 1, y: 1, z: 1}
  m_ConstrainProportionsScale: 0
  m_Children: []
  m_Father: {fileID: 721635583895282374}
  m_LocalEulerAnglesHint: {x: 0, y: 0, z: 0}
--- !u!23 &1485862037293827115
MeshRenderer:
  m_ObjectHideFlags: 0
  m_CorrespondingSourceObject: {fileID: 0}
  m_PrefabInstance: {fileID: 0}
  m_PrefabAsset: {fileID: 0}
  m_GameObject: {fileID: 7646009113739591392}
  m_Enabled: 1
  m_CastShadows: 1
  m_ReceiveShadows: 1
  m_DynamicOccludee: 1
  m_StaticShadowCaster: 0
  m_MotionVectors: 1
  m_LightProbeUsage: 1
  m_ReflectionProbeUsage: 1
  m_RayTracingMode: 2
  m_RayTraceProcedural: 0
  m_RenderingLayerMask: 1
  m_RendererPriority: 0
  m_Materials:
  - {fileID: 2100000, guid: abc00000000000618259655371204862, type: 2}
  m_StaticBatchInfo:
    firstSubMesh: 0
    subMeshCount: 0
  m_StaticBatchRoot: {fileID: 0}
  m_ProbeAnchor: {fileID: 0}
  m_LightProbeVolumeOverride: {fileID: 0}
  m_ScaleInLightmap: 1
  m_ReceiveGI: 1
  m_PreserveUVs: 1
  m_IgnoreNormalsForChartDetection: 0
  m_ImportantGI: 0
  m_StitchLightmapSeams: 1
  m_SelectedEditorRenderState: 3
  m_MinimumChartSize: 4
  m_AutoUVMaxDistance: 0.5
  m_AutoUVMaxAngle: 89
  m_LightmapParameters: {fileID: 0}
  m_SortingLayerID: 0
  m_SortingLayer: 0
  m_SortingOrder: 0
  m_AdditionalVertexStreams: {fileID: 0}
--- !u!33 &4654676318234774506
MeshFilter:
  m_ObjectHideFlags: 0
  m_CorrespondingSourceObject: {fileID: 0}
  m_PrefabInstance: {fileID: 0}
  m_PrefabAsset: {fileID: 0}
  m_GameObject: {fileID: 7646009113739591392}
  m_Mesh: {fileID: 4300002, guid: abc00000000007711128310687507757, type: 3}
--- !u!114 &5624796039569673604
MonoBehaviour:
  m_ObjectHideFlags: 0
  m_CorrespondingSourceObject: {fileID: 0}
  m_PrefabInstance: {fileID: 0}
  m_PrefabAsset: {fileID: 0}
  m_GameObject: {fileID: 7646009113739591392}
  m_Enabled: 0
  m_EditorHideFlags: 0
  m_Script: {fileID: 11500000, guid: 34ecc488e36747de8d483e940e7212ab, type: 3}
  m_Name: 
  m_EditorClassIdentifier: 
  complexMaskingMode: 0
  drawingMode: 1
  outlineLayer: 0
  outlineTargets:
  - IsVisible: 0
    CutoutMask: 8
    edgeDilateAmount: 5
    frontEdgeDilateAmount: 5
    backEdgeDilateAmount: 5
    renderer: {fileID: 1485862037293827115}
    SubmeshIndex: 0
    BoundsMode: 0
    Bounds:
      m_Center: {x: 0, y: 0, z: 0}
      m_Extent: {x: 0.5, y: 0.5, z: 0.5}
    CutoutThreshold: 0.5
    CullMode: 2
    cutoutTextureName: 
    DilateRenderingMode: 0
    cutoutTextureIndex: 0
  renderStyle: 1
  outlineParameters:
    enabled: 1
    color: {r: 0.015686275, g: 0.4862745, b: 1, a: 1}
    dilateShift: 1
    blurShift: 1
    fillPass:
      shader: {fileID: 0}
      serializedProperties: []
  backParameters:
    enabled: 1
    color: {r: 1, g: 0.92156863, b: 0.015686275, a: 1}
    dilateShift: 1
    blurShift: 1
    fillPass:
      shader: {fileID: 0}
      serializedProperties: []
  frontParameters:
    enabled: 1
    color: {r: 1, g: 0.92156863, b: 0.015686275, a: 1}
    dilateShift: 1
    blurShift: 1
    fillPass:
      shader: {fileID: 0}
      serializedProperties: []
--- !u!114 &6148934968721291101
MonoBehaviour:
  m_ObjectHideFlags: 0
  m_CorrespondingSourceObject: {fileID: 0}
  m_PrefabInstance: {fileID: 0}
  m_PrefabAsset: {fileID: 0}
  m_GameObject: {fileID: 7646009113739591392}
  m_Enabled: 1
  m_EditorHideFlags: 0
  m_Script: {fileID: 11500000, guid: 034bc47afcbf5e141a58d5c20b7808e4, type: 3}
  m_Name: 
  m_EditorClassIdentifier: 
--- !u!114 &4140675058114852737
MonoBehaviour:
  m_ObjectHideFlags: 0
  m_CorrespondingSourceObject: {fileID: 0}
  m_PrefabInstance: {fileID: 0}
  m_PrefabAsset: {fileID: 0}
  m_GameObject: {fileID: 7646009113739591392}
  m_Enabled: 0
  m_EditorHideFlags: 0
  m_Script: {fileID: 11500000, guid: b1dababc44054dae9fb0793bed13782d, type: 3}
  m_Name: 
  m_EditorClassIdentifier: 
  complexMaskingMode: 0
  drawingMode: 1
  outlineLayer: 0
  outlineTargets:
  - IsVisible: 0
    CutoutMask: 8
    edgeDilateAmount: 5
    frontEdgeDilateAmount: 5
    backEdgeDilateAmount: 5
    renderer: {fileID: 1485862037293827115}
    SubmeshIndex: 0
    BoundsMode: 0
    Bounds:
      m_Center: {x: 0, y: 0, z: 0}
      m_Extent: {x: 0.5, y: 0.5, z: 0.5}
    CutoutThreshold: 0.5
    CullMode: 2
    cutoutTextureName: 
    DilateRenderingMode: 0
    cutoutTextureIndex: 0
  renderStyle: 1
  outlineParameters:
    enabled: 1
    color: {r: 1, g: 0, b: 0, a: 1}
    dilateShift: 1
    blurShift: 1
    fillPass:
      shader: {fileID: 0}
      serializedProperties: []
  backParameters:
    enabled: 1
    color: {r: 1, g: 0.92156863, b: 0.015686275, a: 1}
    dilateShift: 1
    blurShift: 1
    fillPass:
      shader: {fileID: 0}
      serializedProperties: []
  frontParameters:
    enabled: 1
    color: {r: 1, g: 0.92156863, b: 0.015686275, a: 1}
    dilateShift: 1
    blurShift: 1
    fillPass:
      shader: {fileID: 0}
      serializedProperties: []
--- !u!114 &1104601511429586256
MonoBehaviour:
  m_ObjectHideFlags: 0
  m_CorrespondingSourceObject: {fileID: 0}
  m_PrefabInstance: {fileID: 0}
  m_PrefabAsset: {fileID: 0}
  m_GameObject: {fileID: 7646009113739591392}
  m_Enabled: 1
  m_EditorHideFlags: 0
  m_Script: {fileID: 11500000, guid: 9862e7dc2287478fb7add8b132cc90cf, type: 3}
  m_Name: 
  m_EditorClassIdentifier: 
--- !u!114 &8067167010791086759
MonoBehaviour:
  m_ObjectHideFlags: 0
  m_CorrespondingSourceObject: {fileID: 0}
  m_PrefabInstance: {fileID: 0}
  m_PrefabAsset: {fileID: 0}
  m_GameObject: {fileID: 7646009113739591392}
  m_Enabled: 1
  m_EditorHideFlags: 0
  m_Script: {fileID: 11500000, guid: eb3b34d678234b648bd08d0b50c65ba7, type: 3}
  m_Name: 
  m_EditorClassIdentifier: 
  ToolTip: <style=Interaction/Interact> to open/closed
--- !u!114 &4045253588195311325
MonoBehaviour:
  m_ObjectHideFlags: 0
  m_CorrespondingSourceObject: {fileID: 0}
  m_PrefabInstance: {fileID: 0}
  m_PrefabAsset: {fileID: 0}
  m_GameObject: {fileID: 7646009113739591392}
  m_Enabled: 1
  m_EditorHideFlags: 0
  m_Script: {fileID: 11500000, guid: cacd19cbb614e574ebd43e9db8974cc2, type: 3}
  m_Name: 
  m_EditorClassIdentifier: 
  _componentIndexCache: 1
  _addedNetworkObject: {fileID: 1329161742372611698}
  _networkObjectCache: {fileID: 1329161742372611698}
  OnObserverChange:
    m_PersistentCalls:
      m_Calls: []
  <OnInteractBefore>k__BackingField:
    m_PersistentCalls:
      m_Calls: []
  <OnInteract>k__BackingField:
    m_PersistentCalls:
      m_Calls:
      - m_Target: {fileID: 2884941594031794417}
        m_TargetAssemblyTypeName: UniwersalDrawerManager, Assembly-CSharp
        m_MethodName: InteractDrawer
        m_Mode: 3
        m_Arguments:
          m_ObjectArgument: {fileID: 0}
          m_ObjectArgumentAssemblyTypeName: UnityEngine.Object, UnityEngine
          m_IntArgument: 1
          m_FloatArgument: 0
          m_StringArgument: 
          m_BoolArgument: 0
        m_CallState: 2
  <OnInteractAfter>k__BackingField:
    m_PersistentCalls:
      m_Calls: []
  <OnFailedInteractionBefore>k__BackingField:
    m_PersistentCalls:
      m_Calls: []
  <OnFailedInteraction>k__BackingField:
    m_PersistentCalls:
      m_Calls: []
  <OnFailedInteractionAfter>k__BackingField:
    m_PersistentCalls:
      m_Calls: []
  <OnPointerEnter>k__BackingField:
    m_PersistentCalls:
      m_Calls: []
  <OnPointerExit>k__BackingField:
    m_PersistentCalls:
      m_Calls: []
  <OnServerInteractBefore>k__BackingField:
    m_PersistentCalls:
      m_Calls: []
  <OnServerInteract>k__BackingField:
    m_PersistentCalls:
      m_Calls: []
  <OnServerInteractAfter>k__BackingField:
    m_PersistentCalls:
      m_Calls: []
  <OnFailedLocalInteractBefore>k__BackingField:
    m_PersistentCalls:
      m_Calls: []
  <OnFailedLocalInteract>k__BackingField:
    m_PersistentCalls:
      m_Calls: []
  <OnFailedLocalInteractAfter>k__BackingField:
    m_PersistentCalls:
      m_Calls: []
  <OnLocalInteractBefore>k__BackingField:
    m_PersistentCalls:
      m_Calls: []
  <OnLocalInteract>k__BackingField:
    m_PersistentCalls:
      m_Calls: []
  <OnLocalInteractAfter>k__BackingField:
    m_PersistentCalls:
      m_Calls: []
  <OnFailedInteractBefore>k__BackingField:
    m_PersistentCalls:
      m_Calls: []
  <OnFailedInteract>k__BackingField:
    m_PersistentCalls:
      m_Calls: []
  <OnFailedInteractAfter>k__BackingField:
    m_PersistentCalls:
      m_Calls: []
--- !u!64 &285247981887969981
MeshCollider:
  m_ObjectHideFlags: 0
  m_CorrespondingSourceObject: {fileID: 0}
  m_PrefabInstance: {fileID: 0}
  m_PrefabAsset: {fileID: 0}
  m_GameObject: {fileID: 7646009113739591392}
  m_Material: {fileID: 0}
  m_IncludeLayers:
    serializedVersion: 2
    m_Bits: 0
  m_ExcludeLayers:
    serializedVersion: 2
    m_Bits: 0
  m_LayerOverridePriority: 0
  m_IsTrigger: 0
  m_ProvidesContacts: 0
  m_Enabled: 1
  serializedVersion: 5
  m_Convex: 0
  m_CookingOptions: 30
  m_Mesh: {fileID: 4300002, guid: abc00000000007711128310687507757, type: 3}
--- !u!1 &8951581013946478768
GameObject:
  m_ObjectHideFlags: 0
  m_CorrespondingSourceObject: {fileID: 0}
  m_PrefabInstance: {fileID: 0}
  m_PrefabAsset: {fileID: 0}
  serializedVersion: 6
  m_Component:
  - component: {fileID: 3076296144096733919}
  - component: {fileID: 7161649920430312132}
  - component: {fileID: 4286964750379586264}
  - component: {fileID: 6859029124529961389}
  - component: {fileID: 3368848007418557371}
  - component: {fileID: 3336122865624410535}
  - component: {fileID: 3898011268002054923}
  - component: {fileID: 3705136707258833199}
  - component: {fileID: 1342686208687490938}
  - component: {fileID: 4840454104959250270}
  m_Layer: 0
  m_Name: SM_Shelf_TV_A1_Door5_LOD0
  m_TagString: Untagged
  m_Icon: {fileID: 0}
  m_NavMeshLayer: 0
  m_StaticEditorFlags: 0
  m_IsActive: 1
--- !u!4 &3076296144096733919
Transform:
  m_ObjectHideFlags: 0
  m_CorrespondingSourceObject: {fileID: 0}
  m_PrefabInstance: {fileID: 0}
  m_PrefabAsset: {fileID: 0}
  m_GameObject: {fileID: 8951581013946478768}
  serializedVersion: 2
  m_LocalRotation: {x: -0, y: 0.0000014007084, z: -0, w: 1}
  m_LocalPosition: {x: 0.0040064375, y: -0.18722701, z: 0.9440472}
  m_LocalScale: {x: 1, y: 1, z: 1}
  m_ConstrainProportionsScale: 0
  m_Children: []
  m_Father: {fileID: 721635583895282374}
  m_LocalEulerAnglesHint: {x: 0, y: 0, z: 0}
--- !u!23 &7161649920430312132
MeshRenderer:
  m_ObjectHideFlags: 0
  m_CorrespondingSourceObject: {fileID: 0}
  m_PrefabInstance: {fileID: 0}
  m_PrefabAsset: {fileID: 0}
  m_GameObject: {fileID: 8951581013946478768}
  m_Enabled: 1
  m_CastShadows: 1
  m_ReceiveShadows: 1
  m_DynamicOccludee: 1
  m_StaticShadowCaster: 0
  m_MotionVectors: 1
  m_LightProbeUsage: 1
  m_ReflectionProbeUsage: 1
  m_RayTracingMode: 2
  m_RayTraceProcedural: 0
  m_RenderingLayerMask: 1
  m_RendererPriority: 0
  m_Materials:
  - {fileID: 2100000, guid: abc00000000000618259655371204862, type: 2}
  m_StaticBatchInfo:
    firstSubMesh: 0
    subMeshCount: 0
  m_StaticBatchRoot: {fileID: 0}
  m_ProbeAnchor: {fileID: 0}
  m_LightProbeVolumeOverride: {fileID: 0}
  m_ScaleInLightmap: 1
  m_ReceiveGI: 1
  m_PreserveUVs: 1
  m_IgnoreNormalsForChartDetection: 0
  m_ImportantGI: 0
  m_StitchLightmapSeams: 1
  m_SelectedEditorRenderState: 3
  m_MinimumChartSize: 4
  m_AutoUVMaxDistance: 0.5
  m_AutoUVMaxAngle: 89
  m_LightmapParameters: {fileID: 0}
  m_SortingLayerID: 0
  m_SortingLayer: 0
  m_SortingOrder: 0
  m_AdditionalVertexStreams: {fileID: 0}
--- !u!33 &4286964750379586264
MeshFilter:
  m_ObjectHideFlags: 0
  m_CorrespondingSourceObject: {fileID: 0}
  m_PrefabInstance: {fileID: 0}
  m_PrefabAsset: {fileID: 0}
  m_GameObject: {fileID: 8951581013946478768}
  m_Mesh: {fileID: 4300002, guid: abc00000000007711128310687507757, type: 3}
--- !u!114 &6859029124529961389
MonoBehaviour:
  m_ObjectHideFlags: 0
  m_CorrespondingSourceObject: {fileID: 0}
  m_PrefabInstance: {fileID: 0}
  m_PrefabAsset: {fileID: 0}
  m_GameObject: {fileID: 8951581013946478768}
  m_Enabled: 0
  m_EditorHideFlags: 0
  m_Script: {fileID: 11500000, guid: 34ecc488e36747de8d483e940e7212ab, type: 3}
  m_Name: 
  m_EditorClassIdentifier: 
  complexMaskingMode: 0
  drawingMode: 1
  outlineLayer: 0
  outlineTargets:
  - IsVisible: 0
    CutoutMask: 8
    edgeDilateAmount: 5
    frontEdgeDilateAmount: 5
    backEdgeDilateAmount: 5
    renderer: {fileID: 7161649920430312132}
    SubmeshIndex: 0
    BoundsMode: 0
    Bounds:
      m_Center: {x: 0, y: 0, z: 0}
      m_Extent: {x: 0.5, y: 0.5, z: 0.5}
    CutoutThreshold: 0.5
    CullMode: 2
    cutoutTextureName: 
    DilateRenderingMode: 0
    cutoutTextureIndex: 0
  renderStyle: 1
  outlineParameters:
    enabled: 1
    color: {r: 0.015686275, g: 0.4862745, b: 1, a: 1}
    dilateShift: 1
    blurShift: 1
    fillPass:
      shader: {fileID: 0}
      serializedProperties: []
  backParameters:
    enabled: 1
    color: {r: 1, g: 0.92156863, b: 0.015686275, a: 1}
    dilateShift: 1
    blurShift: 1
    fillPass:
      shader: {fileID: 0}
      serializedProperties: []
  frontParameters:
    enabled: 1
    color: {r: 1, g: 0.92156863, b: 0.015686275, a: 1}
    dilateShift: 1
    blurShift: 1
    fillPass:
      shader: {fileID: 0}
      serializedProperties: []
--- !u!114 &3368848007418557371
MonoBehaviour:
  m_ObjectHideFlags: 0
  m_CorrespondingSourceObject: {fileID: 0}
  m_PrefabInstance: {fileID: 0}
  m_PrefabAsset: {fileID: 0}
  m_GameObject: {fileID: 8951581013946478768}
  m_Enabled: 1
  m_EditorHideFlags: 0
  m_Script: {fileID: 11500000, guid: 034bc47afcbf5e141a58d5c20b7808e4, type: 3}
  m_Name: 
  m_EditorClassIdentifier: 
--- !u!114 &3336122865624410535
MonoBehaviour:
  m_ObjectHideFlags: 0
  m_CorrespondingSourceObject: {fileID: 0}
  m_PrefabInstance: {fileID: 0}
  m_PrefabAsset: {fileID: 0}
  m_GameObject: {fileID: 8951581013946478768}
  m_Enabled: 0
  m_EditorHideFlags: 0
  m_Script: {fileID: 11500000, guid: b1dababc44054dae9fb0793bed13782d, type: 3}
  m_Name: 
  m_EditorClassIdentifier: 
  complexMaskingMode: 0
  drawingMode: 1
  outlineLayer: 0
  outlineTargets:
  - IsVisible: 0
    CutoutMask: 8
    edgeDilateAmount: 5
    frontEdgeDilateAmount: 5
    backEdgeDilateAmount: 5
    renderer: {fileID: 7161649920430312132}
    SubmeshIndex: 0
    BoundsMode: 0
    Bounds:
      m_Center: {x: 0, y: 0, z: 0}
      m_Extent: {x: 0.5, y: 0.5, z: 0.5}
    CutoutThreshold: 0.5
    CullMode: 2
    cutoutTextureName: 
    DilateRenderingMode: 0
    cutoutTextureIndex: 0
  renderStyle: 1
  outlineParameters:
    enabled: 1
    color: {r: 1, g: 0, b: 0, a: 1}
    dilateShift: 1
    blurShift: 1
    fillPass:
      shader: {fileID: 0}
      serializedProperties: []
  backParameters:
    enabled: 1
    color: {r: 1, g: 0.92156863, b: 0.015686275, a: 1}
    dilateShift: 1
    blurShift: 1
    fillPass:
      shader: {fileID: 0}
      serializedProperties: []
  frontParameters:
    enabled: 1
    color: {r: 1, g: 0.92156863, b: 0.015686275, a: 1}
    dilateShift: 1
    blurShift: 1
    fillPass:
      shader: {fileID: 0}
      serializedProperties: []
--- !u!114 &3898011268002054923
MonoBehaviour:
  m_ObjectHideFlags: 0
  m_CorrespondingSourceObject: {fileID: 0}
  m_PrefabInstance: {fileID: 0}
  m_PrefabAsset: {fileID: 0}
  m_GameObject: {fileID: 8951581013946478768}
  m_Enabled: 1
  m_EditorHideFlags: 0
  m_Script: {fileID: 11500000, guid: 9862e7dc2287478fb7add8b132cc90cf, type: 3}
  m_Name: 
  m_EditorClassIdentifier: 
--- !u!114 &3705136707258833199
MonoBehaviour:
  m_ObjectHideFlags: 0
  m_CorrespondingSourceObject: {fileID: 0}
  m_PrefabInstance: {fileID: 0}
  m_PrefabAsset: {fileID: 0}
  m_GameObject: {fileID: 8951581013946478768}
  m_Enabled: 1
  m_EditorHideFlags: 0
  m_Script: {fileID: 11500000, guid: eb3b34d678234b648bd08d0b50c65ba7, type: 3}
  m_Name: 
  m_EditorClassIdentifier: 
  ToolTip: <style=Interaction/Interact> to open/closed
--- !u!114 &1342686208687490938
MonoBehaviour:
  m_ObjectHideFlags: 0
  m_CorrespondingSourceObject: {fileID: 0}
  m_PrefabInstance: {fileID: 0}
  m_PrefabAsset: {fileID: 0}
  m_GameObject: {fileID: 8951581013946478768}
  m_Enabled: 1
  m_EditorHideFlags: 0
  m_Script: {fileID: 11500000, guid: cacd19cbb614e574ebd43e9db8974cc2, type: 3}
  m_Name: 
  m_EditorClassIdentifier: 
  _componentIndexCache: 4
  _addedNetworkObject: {fileID: 1329161742372611698}
  _networkObjectCache: {fileID: 1329161742372611698}
  OnObserverChange:
    m_PersistentCalls:
      m_Calls: []
  <OnInteractBefore>k__BackingField:
    m_PersistentCalls:
      m_Calls: []
  <OnInteract>k__BackingField:
    m_PersistentCalls:
      m_Calls:
      - m_Target: {fileID: 2884941594031794417}
        m_TargetAssemblyTypeName: UniwersalDrawerManager, Assembly-CSharp
        m_MethodName: InteractDrawer
        m_Mode: 3
        m_Arguments:
          m_ObjectArgument: {fileID: 0}
          m_ObjectArgumentAssemblyTypeName: UnityEngine.Object, UnityEngine
          m_IntArgument: 4
          m_FloatArgument: 0
          m_StringArgument: 
          m_BoolArgument: 0
        m_CallState: 2
  <OnInteractAfter>k__BackingField:
    m_PersistentCalls:
      m_Calls: []
  <OnFailedInteractionBefore>k__BackingField:
    m_PersistentCalls:
      m_Calls: []
  <OnFailedInteraction>k__BackingField:
    m_PersistentCalls:
      m_Calls: []
  <OnFailedInteractionAfter>k__BackingField:
    m_PersistentCalls:
      m_Calls: []
  <OnPointerEnter>k__BackingField:
    m_PersistentCalls:
      m_Calls: []
  <OnPointerExit>k__BackingField:
    m_PersistentCalls:
      m_Calls: []
  <OnServerInteractBefore>k__BackingField:
    m_PersistentCalls:
      m_Calls: []
  <OnServerInteract>k__BackingField:
    m_PersistentCalls:
      m_Calls: []
  <OnServerInteractAfter>k__BackingField:
    m_PersistentCalls:
      m_Calls: []
  <OnFailedLocalInteractBefore>k__BackingField:
    m_PersistentCalls:
      m_Calls: []
  <OnFailedLocalInteract>k__BackingField:
    m_PersistentCalls:
      m_Calls: []
  <OnFailedLocalInteractAfter>k__BackingField:
    m_PersistentCalls:
      m_Calls: []
  <OnLocalInteractBefore>k__BackingField:
    m_PersistentCalls:
      m_Calls: []
  <OnLocalInteract>k__BackingField:
    m_PersistentCalls:
      m_Calls: []
  <OnLocalInteractAfter>k__BackingField:
    m_PersistentCalls:
      m_Calls: []
  <OnFailedInteractBefore>k__BackingField:
    m_PersistentCalls:
      m_Calls: []
  <OnFailedInteract>k__BackingField:
    m_PersistentCalls:
      m_Calls: []
  <OnFailedInteractAfter>k__BackingField:
    m_PersistentCalls:
      m_Calls: []
--- !u!64 &4840454104959250270
MeshCollider:
  m_ObjectHideFlags: 0
  m_CorrespondingSourceObject: {fileID: 0}
  m_PrefabInstance: {fileID: 0}
  m_PrefabAsset: {fileID: 0}
  m_GameObject: {fileID: 8951581013946478768}
  m_Material: {fileID: 0}
  m_IncludeLayers:
    serializedVersion: 2
    m_Bits: 0
  m_ExcludeLayers:
    serializedVersion: 2
    m_Bits: 0
  m_LayerOverridePriority: 0
  m_IsTrigger: 0
  m_ProvidesContacts: 0
  m_Enabled: 1
  serializedVersion: 5
  m_Convex: 0
  m_CookingOptions: 30
  m_Mesh: {fileID: 4300002, guid: abc00000000007711128310687507757, type: 3}
