%YAML 1.1
%TAG !u! tag:unity3d.com,2011:
--- !u!1001 &5381528183372142345
PrefabInstance:
  m_ObjectHideFlags: 0
  serializedVersion: 2
  m_Modification:
    serializedVersion: 3
    m_TransformParent: {fileID: 0}
    m_Modifications:
    - target: {fileID: -8679921383154817045, guid: cf79099be3e15ce4184d6cafd43066f8,
        type: 3}
      propertyPath: m_LocalPosition.x
      value: -202.9517
      objectReference: {fileID: 0}
    - target: {fileID: -8679921383154817045, guid: cf79099be3e15ce4184d6cafd43066f8,
        type: 3}
      propertyPath: m_LocalPosition.y
      value: -0.111
      objectReference: {fileID: 0}
    - target: {fileID: -8679921383154817045, guid: cf79099be3e15ce4184d6cafd43066f8,
        type: 3}
      propertyPath: m_LocalPosition.z
      value: 5.4630995
      objectReference: {fileID: 0}
    - target: {fileID: -8679921383154817045, guid: cf79099be3e15ce4184d6cafd43066f8,
        type: 3}
      propertyPath: m_LocalRotation.w
      value: 1
      objectReference: {fileID: 0}
    - target: {fileID: -8679921383154817045, guid: cf79099be3e15ce4184d6cafd43066f8,
        type: 3}
      propertyPath: m_LocalRotation.x
      value: 0
      objectReference: {fileID: 0}
    - target: {fileID: -8679921383154817045, guid: cf79099be3e15ce4184d6cafd43066f8,
        type: 3}
      propertyPath: m_LocalRotation.y
      value: -0
      objectReference: {fileID: 0}
    - target: {fileID: -8679921383154817045, guid: cf79099be3e15ce4184d6cafd43066f8,
        type: 3}
      propertyPath: m_LocalRotation.z
      value: -0
      objectReference: {fileID: 0}
    - target: {fileID: -8679921383154817045, guid: cf79099be3e15ce4184d6cafd43066f8,
        type: 3}
      propertyPath: m_LocalEulerAnglesHint.x
      value: 0
      objectReference: {fileID: 0}
    - target: {fileID: -8679921383154817045, guid: cf79099be3e15ce4184d6cafd43066f8,
        type: 3}
      propertyPath: m_LocalEulerAnglesHint.y
      value: 0
      objectReference: {fileID: 0}
    - target: {fileID: -8679921383154817045, guid: cf79099be3e15ce4184d6cafd43066f8,
        type: 3}
      propertyPath: m_LocalEulerAnglesHint.z
      value: 0
      objectReference: {fileID: 0}
    - target: {fileID: -7511558181221131132, guid: cf79099be3e15ce4184d6cafd43066f8,
        type: 3}
      propertyPath: m_Materials.Array.data[0]
      value: 
      objectReference: {fileID: 2100000, guid: f5635134088432f42a5653077a7a7977, type: 2}
    - target: {fileID: 919132149155446097, guid: cf79099be3e15ce4184d6cafd43066f8,
        type: 3}
      propertyPath: m_Name
      value: -PIZZA BOX-
      objectReference: {fileID: 0}
    - target: {fileID: 919132149155446097, guid: cf79099be3e15ce4184d6cafd43066f8,
        type: 3}
      propertyPath: m_Layer
      value: 11
      objectReference: {fileID: 0}
    m_RemovedComponents: []
    m_RemovedGameObjects: []
    m_AddedGameObjects: []
    m_AddedComponents:
    - targetCorrespondingSourceObject: {fileID: 919132149155446097, guid: cf79099be3e15ce4184d6cafd43066f8,
        type: 3}
      insertIndex: -1
      addedObject: {fileID: 481097037899842400}
    - targetCorrespondingSourceObject: {fileID: 919132149155446097, guid: cf79099be3e15ce4184d6cafd43066f8,
        type: 3}
      insertIndex: -1
      addedObject: {fileID: 3924766403892548769}
    - targetCorrespondingSourceObject: {fileID: 919132149155446097, guid: cf79099be3e15ce4184d6cafd43066f8,
        type: 3}
      insertIndex: -1
      addedObject: {fileID: 7907392176328308190}
    - targetCorrespondingSourceObject: {fileID: 919132149155446097, guid: cf79099be3e15ce4184d6cafd43066f8,
        type: 3}
      insertIndex: -1
      addedObject: {fileID: 265434428020870652}
    - targetCorrespondingSourceObject: {fileID: 919132149155446097, guid: cf79099be3e15ce4184d6cafd43066f8,
        type: 3}
      insertIndex: -1
      addedObject: {fileID: 3564915213501063691}
    - targetCorrespondingSourceObject: {fileID: 919132149155446097, guid: cf79099be3e15ce4184d6cafd43066f8,
        type: 3}
      insertIndex: -1
      addedObject: {fileID: 4634451403584044324}
    - targetCorrespondingSourceObject: {fileID: 919132149155446097, guid: cf79099be3e15ce4184d6cafd43066f8,
        type: 3}
      insertIndex: -1
      addedObject: {fileID: 4509387806263287858}
    - targetCorrespondingSourceObject: {fileID: 919132149155446097, guid: cf79099be3e15ce4184d6cafd43066f8,
        type: 3}
      insertIndex: -1
      addedObject: {fileID: 3268877260490484958}
    - targetCorrespondingSourceObject: {fileID: 919132149155446097, guid: cf79099be3e15ce4184d6cafd43066f8,
        type: 3}
      insertIndex: -1
      addedObject: {fileID: 1112160594437360964}
  m_SourcePrefab: {fileID: 100100000, guid: cf79099be3e15ce4184d6cafd43066f8, type: 3}
--- !u!1 &5075115391134165592 stripped
GameObject:
  m_CorrespondingSourceObject: {fileID: 919132149155446097, guid: cf79099be3e15ce4184d6cafd43066f8,
    type: 3}
  m_PrefabInstance: {fileID: 5381528183372142345}
  m_PrefabAsset: {fileID: 0}
--- !u!114 &481097037899842400
MonoBehaviour:
  m_ObjectHideFlags: 0
  m_CorrespondingSourceObject: {fileID: 0}
  m_PrefabInstance: {fileID: 0}
  m_PrefabAsset: {fileID: 0}
  m_GameObject: {fileID: 5075115391134165592}
  m_Enabled: 0
  m_EditorHideFlags: 0
  m_Script: {fileID: 11500000, guid: 34ecc488e36747de8d483e940e7212ab, type: 3}
  m_Name: 
  m_EditorClassIdentifier: 
  complexMaskingMode: 0
  drawingMode: 1
  outlineLayer: 0
  outlineTargets:
  - IsVisible: 0
    CutoutMask: 8
    edgeDilateAmount: 5
    frontEdgeDilateAmount: 5
    backEdgeDilateAmount: 5
    renderer: {fileID: 6732480117215644557}
    SubmeshIndex: 0
    BoundsMode: 0
    Bounds:
      m_Center: {x: 0, y: 0, z: 0}
      m_Extent: {x: 0.5, y: 0.5, z: 0.5}
    CutoutThreshold: 0.5
    CullMode: 2
    cutoutTextureName: 
    DilateRenderingMode: 0
    cutoutTextureIndex: 0
  renderStyle: 1
  outlineParameters:
    enabled: 1
    color: {r: 0.015686275, g: 0.4862745, b: 1, a: 1}
    dilateShift: 1
    blurShift: 1
    fillPass:
      shader: {fileID: 0}
      serializedProperties: []
  backParameters:
    enabled: 1
    color: {r: 1, g: 0.92156863, b: 0.015686275, a: 1}
    dilateShift: 1
    blurShift: 1
    fillPass:
      shader: {fileID: 0}
      serializedProperties: []
  frontParameters:
    enabled: 1
    color: {r: 1, g: 0.92156863, b: 0.015686275, a: 1}
    dilateShift: 1
    blurShift: 1
    fillPass:
      shader: {fileID: 0}
      serializedProperties: []
--- !u!114 &3924766403892548769
MonoBehaviour:
  m_ObjectHideFlags: 0
  m_CorrespondingSourceObject: {fileID: 0}
  m_PrefabInstance: {fileID: 0}
  m_PrefabAsset: {fileID: 0}
  m_GameObject: {fileID: 5075115391134165592}
  m_Enabled: 1
  m_EditorHideFlags: 0
  m_Script: {fileID: 11500000, guid: 034bc47afcbf5e141a58d5c20b7808e4, type: 3}
  m_Name: 
  m_EditorClassIdentifier: 
--- !u!114 &7907392176328308190
MonoBehaviour:
  m_ObjectHideFlags: 0
  m_CorrespondingSourceObject: {fileID: 0}
  m_PrefabInstance: {fileID: 0}
  m_PrefabAsset: {fileID: 0}
  m_GameObject: {fileID: 5075115391134165592}
  m_Enabled: 0
  m_EditorHideFlags: 0
  m_Script: {fileID: 11500000, guid: b1dababc44054dae9fb0793bed13782d, type: 3}
  m_Name: 
  m_EditorClassIdentifier: 
  complexMaskingMode: 0
  drawingMode: 1
  outlineLayer: 0
  outlineTargets:
  - IsVisible: 0
    CutoutMask: 8
    edgeDilateAmount: 5
    frontEdgeDilateAmount: 5
    backEdgeDilateAmount: 5
    renderer: {fileID: 6732480117215644557}
    SubmeshIndex: 0
    BoundsMode: 0
    Bounds:
      m_Center: {x: 0, y: 0, z: 0}
      m_Extent: {x: 0.5, y: 0.5, z: 0.5}
    CutoutThreshold: 0.5
    CullMode: 2
    cutoutTextureName: 
    DilateRenderingMode: 0
    cutoutTextureIndex: 0
  renderStyle: 1
  outlineParameters:
    enabled: 1
    color: {r: 1, g: 0, b: 0, a: 1}
    dilateShift: 1
    blurShift: 1
    fillPass:
      shader: {fileID: 0}
      serializedProperties: []
  backParameters:
    enabled: 1
    color: {r: 1, g: 0.92156863, b: 0.015686275, a: 1}
    dilateShift: 1
    blurShift: 1
    fillPass:
      shader: {fileID: 0}
      serializedProperties: []
  frontParameters:
    enabled: 1
    color: {r: 1, g: 0.92156863, b: 0.015686275, a: 1}
    dilateShift: 1
    blurShift: 1
    fillPass:
      shader: {fileID: 0}
      serializedProperties: []
--- !u!114 &265434428020870652
MonoBehaviour:
  m_ObjectHideFlags: 0
  m_CorrespondingSourceObject: {fileID: 0}
  m_PrefabInstance: {fileID: 0}
  m_PrefabAsset: {fileID: 0}
  m_GameObject: {fileID: 5075115391134165592}
  m_Enabled: 1
  m_EditorHideFlags: 0
  m_Script: {fileID: 11500000, guid: 9862e7dc2287478fb7add8b132cc90cf, type: 3}
  m_Name: 
  m_EditorClassIdentifier: 
--- !u!114 &3564915213501063691
MonoBehaviour:
  m_ObjectHideFlags: 0
  m_CorrespondingSourceObject: {fileID: 0}
  m_PrefabInstance: {fileID: 0}
  m_PrefabAsset: {fileID: 0}
  m_GameObject: {fileID: 5075115391134165592}
  m_Enabled: 1
  m_EditorHideFlags: 0
  m_Script: {fileID: 11500000, guid: eb3b34d678234b648bd08d0b50c65ba7, type: 3}
  m_Name: 
  m_EditorClassIdentifier: 
  ToolTip: <style=Interaction/Interact> pickup paper trash
--- !u!114 &4634451403584044324
MonoBehaviour:
  m_ObjectHideFlags: 0
  m_CorrespondingSourceObject: {fileID: 0}
  m_PrefabInstance: {fileID: 0}
  m_PrefabAsset: {fileID: 0}
  m_GameObject: {fileID: 5075115391134165592}
  m_Enabled: 1
  m_EditorHideFlags: 0
  m_Script: {fileID: 11500000, guid: 26b716c41e9b56b4baafaf13a523ba2e, type: 3}
  m_Name: 
  m_EditorClassIdentifier: 
  <IsNested>k__BackingField: 0
  <ComponentIndex>k__BackingField: 0
  <PredictedSpawn>k__BackingField: {fileID: 0}
  _networkBehaviours:
  - {fileID: 1112160594437360964}
  <SerializedRootNetworkBehaviour>k__BackingField: {fileID: 0}
  <NestedRootNetworkBehaviours>k__BackingField: []
  SerializedTransformProperties:
    Position: {x: -202.9517, y: -0.111, z: 5.4630995}
    Rotation: {x: 0, y: -0, z: -0, w: 1}
    LocalScale: {x: 1.2051253, y: 1.2051253, z: 1.2051253}
  _isNetworked: 1
  _isSpawnable: 1
  _isGlobal: 0
  _initializeOrder: 0
  _defaultDespawnType: 0
  NetworkObserver: {fileID: 0}
  _enablePrediction: 0
  _predictionType: 0
  _graphicalObject: {fileID: 0}
  _detachGraphicalObject: 0
  _enableStateForwarding: 1
  _networkTransform: {fileID: 0}
  _ownerInterpolation: 1
  _ownerSmoothedProperties: 255
  _adaptiveInterpolation: 3
  _spectatorSmoothedProperties: 255
  _spectatorInterpolation: 2
  _enableTeleport: 0
  _teleportThreshold: 1
  <PrefabId>k__BackingField: 0
  <SpawnableCollectionId>k__BackingField: 0
  <SceneId>k__BackingField: 0
  <AssetPathHash>k__BackingField: 0
--- !u!64 &4509387806263287858
MeshCollider:
  m_ObjectHideFlags: 0
  m_CorrespondingSourceObject: {fileID: 0}
  m_PrefabInstance: {fileID: 0}
  m_PrefabAsset: {fileID: 0}
  m_GameObject: {fileID: 5075115391134165592}
  m_Material: {fileID: 0}
  m_IncludeLayers:
    serializedVersion: 2
    m_Bits: 0
  m_ExcludeLayers:
    serializedVersion: 2
    m_Bits: 0
  m_LayerOverridePriority: 0
  m_IsTrigger: 0
  m_ProvidesContacts: 0
  m_Enabled: 1
  serializedVersion: 5
  m_Convex: 0
  m_CookingOptions: 30
  m_Mesh: {fileID: 6416302070336371891, guid: cf79099be3e15ce4184d6cafd43066f8, type: 3}
--- !u!114 &3268877260490484958
MonoBehaviour:
  m_ObjectHideFlags: 0
  m_CorrespondingSourceObject: {fileID: 0}
  m_PrefabInstance: {fileID: 0}
  m_PrefabAsset: {fileID: 0}
  m_GameObject: {fileID: 5075115391134165592}
  m_Enabled: 1
  m_EditorHideFlags: 0
  m_Script: {fileID: 11500000, guid: a2c2fe2159b59b44baa6194ad6dcb072, type: 3}
  m_Name: 
  m_EditorClassIdentifier: 
  _itemSO: {fileID: 11400000, guid: 192b595bbc4ea554f97d037572af8ac0, type: 2}
  _currentState: 7
--- !u!114 &1112160594437360964
MonoBehaviour:
  m_ObjectHideFlags: 0
  m_CorrespondingSourceObject: {fileID: 0}
  m_PrefabInstance: {fileID: 0}
  m_PrefabAsset: {fileID: 0}
  m_GameObject: {fileID: 5075115391134165592}
  m_Enabled: 1
  m_EditorHideFlags: 0
  m_Script: {fileID: 11500000, guid: 9702efdd6819e10468f547b374da16f0, type: 3}
  m_Name: 
  m_EditorClassIdentifier: 
  _componentIndexCache: 0
  _addedNetworkObject: {fileID: 4634451403584044324}
  _networkObjectCache: {fileID: 4634451403584044324}
  OnObserverChange:
    m_PersistentCalls:
      m_Calls: []
  <OnInteractBefore>k__BackingField:
    m_PersistentCalls:
      m_Calls: []
  <OnInteract>k__BackingField:
    m_PersistentCalls:
      m_Calls: []
  <OnInteractAfter>k__BackingField:
    m_PersistentCalls:
      m_Calls: []
  <OnFailedInteractionBefore>k__BackingField:
    m_PersistentCalls:
      m_Calls: []
  <OnFailedInteraction>k__BackingField:
    m_PersistentCalls:
      m_Calls: []
  <OnFailedInteractionAfter>k__BackingField:
    m_PersistentCalls:
      m_Calls: []
  <OnPointerEnter>k__BackingField:
    m_PersistentCalls:
      m_Calls: []
  <OnPointerExit>k__BackingField:
    m_PersistentCalls:
      m_Calls: []
  <OnServerInteractBefore>k__BackingField:
    m_PersistentCalls:
      m_Calls: []
  <OnServerInteract>k__BackingField:
    m_PersistentCalls:
      m_Calls: []
  <OnServerInteractAfter>k__BackingField:
    m_PersistentCalls:
      m_Calls: []
  <OnFailedLocalInteractBefore>k__BackingField:
    m_PersistentCalls:
      m_Calls: []
  <OnFailedLocalInteract>k__BackingField:
    m_PersistentCalls:
      m_Calls: []
  <OnFailedLocalInteractAfter>k__BackingField:
    m_PersistentCalls:
      m_Calls: []
  <OnLocalInteractBefore>k__BackingField:
    m_PersistentCalls:
      m_Calls: []
  <OnLocalInteract>k__BackingField:
    m_PersistentCalls:
      m_Calls: []
  <OnLocalInteractAfter>k__BackingField:
    m_PersistentCalls:
      m_Calls: []
  <OnFailedInteractBefore>k__BackingField:
    m_PersistentCalls:
      m_Calls: []
  <OnFailedInteract>k__BackingField:
    m_PersistentCalls:
      m_Calls: []
  <OnFailedInteractAfter>k__BackingField:
    m_PersistentCalls:
      m_Calls: []
  _myBin: 11
--- !u!23 &6732480117215644557 stripped
MeshRenderer:
  m_CorrespondingSourceObject: {fileID: -7511558181221131132, guid: cf79099be3e15ce4184d6cafd43066f8,
    type: 3}
  m_PrefabInstance: {fileID: 5381528183372142345}
  m_PrefabAsset: {fileID: 0}
