%YAML 1.1
%TAG !u! tag:unity3d.com,2011:
--- !u!1 &2309691081449391825
GameObject:
  m_ObjectHideFlags: 0
  m_CorrespondingSourceObject: {fileID: 0}
  m_PrefabInstance: {fileID: 0}
  m_PrefabAsset: {fileID: 0}
  serializedVersion: 6
  m_Component:
  - component: {fileID: 6612118206650038622}
  - component: {fileID: 3844444987685991788}
  - component: {fileID: 3868773612758725819}
  m_Layer: 0
  m_Name: VFX_PlushiePlacing
  m_TagString: Untagged
  m_Icon: {fileID: 0}
  m_NavMeshLayer: 0
  m_StaticEditorFlags: 0
  m_IsActive: 1
--- !u!4 &6612118206650038622
Transform:
  m_ObjectHideFlags: 0
  m_CorrespondingSourceObject: {fileID: 0}
  m_PrefabInstance: {fileID: 0}
  m_PrefabAsset: {fileID: 0}
  m_GameObject: {fileID: 2309691081449391825}
  serializedVersion: 2
  m_LocalRotation: {x: 0, y: 0, z: 0, w: 1}
  m_LocalPosition: {x: 0, y: 0, z: 0}
  m_LocalScale: {x: 1, y: 1, z: 1}
  m_ConstrainProportionsScale: 0
  m_Children: []
  m_Father: {fileID: 9205598293007831358}
  m_LocalEulerAnglesHint: {x: 0, y: 0, z: 0}
--- !u!2083052967 &3844444987685991788
VisualEffect:
  m_ObjectHideFlags: 0
  m_CorrespondingSourceObject: {fileID: 0}
  m_PrefabInstance: {fileID: 0}
  m_PrefabAsset: {fileID: 0}
  m_GameObject: {fileID: 2309691081449391825}
  m_Enabled: 1
  m_Asset: {fileID: 8926484042661614526, guid: e797836fdfe577a45871d3b2f2f85241, type: 3}
  m_InitialEventName: OnPlay
  m_InitialEventNameOverriden: 0
  m_StartSeed: 0
  m_ResetSeedOnPlay: 1
  m_AllowInstancing: 1
  m_ResourceVersion: 1
  m_PropertySheet:
    m_Float:
      m_Array:
      - m_Value: 0.65
        m_Name: SetSize
        m_Overridden: 1
    m_Vector2f:
      m_Array: []
    m_Vector3f:
      m_Array:
      - m_Value: {x: 90, y: 3.42, z: 0}
        m_Name: Angle
        m_Overridden: 1
    m_Vector4f:
      m_Array:
      - m_Value: {x: 0.3038476, y: 1.4357859, z: 1.4980394, w: 0.5176471}
        m_Name: Color
        m_Overridden: 1
    m_Uint:
      m_Array: []
    m_Int:
      m_Array: []
    m_Matrix4x4f:
      m_Array: []
    m_AnimationCurve:
      m_Array: []
    m_Gradient:
      m_Array: []
    m_NamedObject:
      m_Array:
      - m_Value: {fileID: 2800000, guid: c390adb3386d19e4fa212c89a53b7f87, type: 3}
        m_Name: Tex
        m_Overridden: 1
    m_Bool:
      m_Array: []
--- !u!73398921 &3868773612758725819
VFXRenderer:
  serializedVersion: 1
  m_ObjectHideFlags: 0
  m_CorrespondingSourceObject: {fileID: 0}
  m_PrefabInstance: {fileID: 0}
  m_PrefabAsset: {fileID: 0}
  m_GameObject: {fileID: 2309691081449391825}
  m_Enabled: 1
  m_CastShadows: 0
  m_ReceiveShadows: 0
  m_DynamicOccludee: 1
  m_StaticShadowCaster: 0
  m_MotionVectors: 0
  m_LightProbeUsage: 0
  m_ReflectionProbeUsage: 0
  m_RayTracingMode: 0
  m_RayTraceProcedural: 0
  m_RenderingLayerMask: 1
  m_RendererPriority: 0
  m_StaticBatchInfo:
    firstSubMesh: 0
    subMeshCount: 0
  m_StaticBatchRoot: {fileID: 0}
  m_ProbeAnchor: {fileID: 0}
  m_LightProbeVolumeOverride: {fileID: 0}
  m_ScaleInLightmap: 1
  m_ReceiveGI: 1
  m_PreserveUVs: 0
  m_IgnoreNormalsForChartDetection: 0
  m_ImportantGI: 0
  m_StitchLightmapSeams: 1
  m_SelectedEditorRenderState: 3
  m_MinimumChartSize: 4
  m_AutoUVMaxDistance: 0.5
  m_AutoUVMaxAngle: 89
  m_LightmapParameters: {fileID: 0}
  m_SortingLayerID: 0
  m_SortingLayer: 0
  m_SortingOrder: 0
--- !u!1 &5540962884587912150
GameObject:
  m_ObjectHideFlags: 0
  m_CorrespondingSourceObject: {fileID: 0}
  m_PrefabInstance: {fileID: 0}
  m_PrefabAsset: {fileID: 0}
  serializedVersion: 6
  m_Component:
  - component: {fileID: 9205598293007831358}
  m_Layer: 0
  m_Name: VFX_Plushie1
  m_TagString: Untagged
  m_Icon: {fileID: 0}
  m_NavMeshLayer: 0
  m_StaticEditorFlags: 0
  m_IsActive: 1
--- !u!4 &9205598293007831358
Transform:
  m_ObjectHideFlags: 0
  m_CorrespondingSourceObject: {fileID: 0}
  m_PrefabInstance: {fileID: 0}
  m_PrefabAsset: {fileID: 0}
  m_GameObject: {fileID: 5540962884587912150}
  serializedVersion: 2
  m_LocalRotation: {x: -0, y: -0, z: -0, w: 1}
  m_LocalPosition: {x: 0, y: 0, z: 0}
  m_LocalScale: {x: 1, y: 1, z: 1}
  m_ConstrainProportionsScale: 0
  m_Children:
  - {fileID: 6612118206650038622}
  m_Father: {fileID: 0}
  m_LocalEulerAnglesHint: {x: 0, y: 0, z: 0}
