%YAML 1.1
%TAG !u! tag:unity3d.com,2011:
--- !u!1 &5503572467873032001
GameObject:
  m_ObjectHideFlags: 0
  m_CorrespondingSourceObject: {fileID: 0}
  m_PrefabInstance: {fileID: 0}
  m_PrefabAsset: {fileID: 0}
  serializedVersion: 6
  m_Component:
  - component: {fileID: 2146930591405718505}
  - component: {fileID: 3670497685622036482}
  - component: {fileID: 7640142244179850558}
  - component: {fileID: 3876321548837409835}
  - component: {fileID: 7086753347867805150}
  - component: {fileID: 2021946288694027259}
  m_Layer: 12
  m_Name: Stain 0.3x0.3
  m_TagString: Untagged
  m_Icon: {fileID: 0}
  m_NavMeshLayer: 0
  m_StaticEditorFlags: 0
  m_IsActive: 1
--- !u!4 &2146930591405718505
Transform:
  m_ObjectHideFlags: 0
  m_CorrespondingSourceObject: {fileID: 0}
  m_PrefabInstance: {fileID: 0}
  m_PrefabAsset: {fileID: 0}
  m_GameObject: {fileID: 5503572467873032001}
  serializedVersion: 2
  m_LocalRotation: {x: 0.7071068, y: 0, z: 0, w: 0.7071068}
  m_LocalPosition: {x: 0, y: 0, z: 0}
  m_LocalScale: {x: 0.3, y: 0.3, z: 0.3}
  m_ConstrainProportionsScale: 1
  m_Children:
  - {fileID: 1385300078991142165}
  m_Father: {fileID: 0}
  m_LocalEulerAnglesHint: {x: 90, y: 0, z: 0}
--- !u!64 &3670497685622036482
MeshCollider:
  m_ObjectHideFlags: 0
  m_CorrespondingSourceObject: {fileID: 0}
  m_PrefabInstance: {fileID: 0}
  m_PrefabAsset: {fileID: 0}
  m_GameObject: {fileID: 5503572467873032001}
  m_Material: {fileID: 0}
  m_IncludeLayers:
    serializedVersion: 2
    m_Bits: 0
  m_ExcludeLayers:
    serializedVersion: 2
    m_Bits: 0
  m_LayerOverridePriority: 0
  m_IsTrigger: 0
  m_ProvidesContacts: 0
  m_Enabled: 1
  serializedVersion: 5
  m_Convex: 0
  m_CookingOptions: 30
  m_Mesh: {fileID: 10210, guid: 0000000000000000e000000000000000, type: 0}
--- !u!114 &7640142244179850558
MonoBehaviour:
  m_ObjectHideFlags: 0
  m_CorrespondingSourceObject: {fileID: 0}
  m_PrefabInstance: {fileID: 0}
  m_PrefabAsset: {fileID: 0}
  m_GameObject: {fileID: 5503572467873032001}
  m_Enabled: 1
  m_EditorHideFlags: 0
  m_Script: {fileID: 11500000, guid: 0777d029ed3dffa4692f417d4aba19ca, type: 3}
  m_Name: 
  m_EditorClassIdentifier: 
  m_Material: {fileID: 2100000, guid: 9358e25efe6fe104e9e7782804c2e565, type: 2}
  m_DrawDistance: 1000
  m_FadeScale: 0.9
  m_StartAngleFade: 180
  m_EndAngleFade: 180
  m_UVScale: {x: 1, y: 1}
  m_UVBias: {x: 0, y: 0}
  m_DecalLayerMask: 1
  m_ScaleMode: 0
  m_Offset: {x: 0, y: 0, z: 0.04}
  m_Size: {x: 0.3, y: 0.3, z: 0.1}
  m_FadeFactor: 1
--- !u!114 &3876321548837409835
MonoBehaviour:
  m_ObjectHideFlags: 0
  m_CorrespondingSourceObject: {fileID: 0}
  m_PrefabInstance: {fileID: 0}
  m_PrefabAsset: {fileID: 0}
  m_GameObject: {fileID: 5503572467873032001}
  m_Enabled: 1
  m_EditorHideFlags: 0
  m_Script: {fileID: 11500000, guid: 26b716c41e9b56b4baafaf13a523ba2e, type: 3}
  m_Name: 
  m_EditorClassIdentifier: 
  <IsNested>k__BackingField: 0
  <ComponentIndex>k__BackingField: 0
  <PredictedSpawn>k__BackingField: {fileID: 0}
  _networkBehaviours:
  - {fileID: 7086753347867805150}
  <SerializedRootNetworkBehaviour>k__BackingField: {fileID: 0}
  <NestedRootNetworkBehaviours>k__BackingField: []
  SerializedTransformProperties:
    Position: {x: -230.718, y: 1.7749, z: -8.9404}
    Rotation: {x: 0, y: -0.7071068, z: 0, w: 0.7071068}
    LocalScale: {x: 0.3, y: 0.3, z: 0.3}
  _isNetworked: 1
  _isSpawnable: 0
  _isGlobal: 0
  _initializeOrder: 1
  _defaultDespawnType: 0
  NetworkObserver: {fileID: 0}
  _enablePrediction: 0
  _predictionType: 0
  _graphicalObject: {fileID: 0}
  _detachGraphicalObject: 0
  _enableStateForwarding: 1
  _networkTransform: {fileID: 0}
  _ownerInterpolation: 1
  _ownerSmoothedProperties: 255
  _adaptiveInterpolation: 3
  _spectatorSmoothedProperties: 255
  _spectatorInterpolation: 2
  _enableTeleport: 0
  _teleportThreshold: 1
  <PrefabId>k__BackingField: 0
  <SpawnableCollectionId>k__BackingField: 0
  <SceneId>k__BackingField: 0
  <AssetPathHash>k__BackingField: 18054888230725994928
--- !u!114 &7086753347867805150
MonoBehaviour:
  m_ObjectHideFlags: 0
  m_CorrespondingSourceObject: {fileID: 0}
  m_PrefabInstance: {fileID: 0}
  m_PrefabAsset: {fileID: 0}
  m_GameObject: {fileID: 5503572467873032001}
  m_Enabled: 1
  m_EditorHideFlags: 0
  m_Script: {fileID: 11500000, guid: cfd2772201cdee047864c471a711a506, type: 3}
  m_Name: 
  m_EditorClassIdentifier: 
  _componentIndexCache: 0
  _addedNetworkObject: {fileID: 3876321548837409835}
  _networkObjectCache: {fileID: 3876321548837409835}
  onBeforeClean:
    m_PersistentCalls:
      m_Calls: []
  onClean:
    m_PersistentCalls:
      m_Calls:
      - m_Target: {fileID: 2021946288694027259}
        m_TargetAssemblyTypeName: Other.SendCounter, Assembly-CSharp
        m_MethodName: SendWipeBigStain
        m_Mode: 1
        m_Arguments:
          m_ObjectArgument: {fileID: 0}
          m_ObjectArgumentAssemblyTypeName: UnityEngine.Object, UnityEngine
          m_IntArgument: 0
          m_FloatArgument: 0
          m_StringArgument: 
          m_BoolArgument: 0
        m_CallState: 2
  onAfterClean:
    m_PersistentCalls:
      m_Calls: []
  <cleaningAvailableTo>k__BackingField: -1
  <dirtPlace>k__BackingField: 0
  _AlphaPercentClear: 0.8
  _computeShader: {fileID: 7200000, guid: 7762b531c38f72c4496f578d46844515, type: 3}
  _shinyEffect: {fileID: 7057939773140678610}
--- !u!114 &2021946288694027259
MonoBehaviour:
  m_ObjectHideFlags: 0
  m_CorrespondingSourceObject: {fileID: 0}
  m_PrefabInstance: {fileID: 0}
  m_PrefabAsset: {fileID: 0}
  m_GameObject: {fileID: 5503572467873032001}
  m_Enabled: 1
  m_EditorHideFlags: 0
  m_Script: {fileID: 11500000, guid: 68c6d62cea5541a8b6ccd6291f38c244, type: 3}
  m_Name: 
  m_EditorClassIdentifier: 
--- !u!1001 &3661357568927136752
PrefabInstance:
  m_ObjectHideFlags: 0
  serializedVersion: 2
  m_Modification:
    serializedVersion: 3
    m_TransformParent: {fileID: 2146930591405718505}
    m_Modifications:
    - target: {fileID: 2447233995633628901, guid: f0fe75bec4f4adc44ad817b68c091c7d,
        type: 3}
      propertyPath: m_LocalScale.x
      value: 0.53
      objectReference: {fileID: 0}
    - target: {fileID: 2447233995633628901, guid: f0fe75bec4f4adc44ad817b68c091c7d,
        type: 3}
      propertyPath: m_LocalScale.y
      value: 0.53
      objectReference: {fileID: 0}
    - target: {fileID: 2447233995633628901, guid: f0fe75bec4f4adc44ad817b68c091c7d,
        type: 3}
      propertyPath: m_LocalScale.z
      value: 0.53
      objectReference: {fileID: 0}
    - target: {fileID: 2447233995633628901, guid: f0fe75bec4f4adc44ad817b68c091c7d,
        type: 3}
      propertyPath: m_LocalPosition.x
      value: 0
      objectReference: {fileID: 0}
    - target: {fileID: 2447233995633628901, guid: f0fe75bec4f4adc44ad817b68c091c7d,
        type: 3}
      propertyPath: m_LocalPosition.y
      value: -0
      objectReference: {fileID: 0}
    - target: {fileID: 2447233995633628901, guid: f0fe75bec4f4adc44ad817b68c091c7d,
        type: 3}
      propertyPath: m_LocalPosition.z
      value: -0.144
      objectReference: {fileID: 0}
    - target: {fileID: 2447233995633628901, guid: f0fe75bec4f4adc44ad817b68c091c7d,
        type: 3}
      propertyPath: m_LocalRotation.w
      value: 1
      objectReference: {fileID: 0}
    - target: {fileID: 2447233995633628901, guid: f0fe75bec4f4adc44ad817b68c091c7d,
        type: 3}
      propertyPath: m_LocalRotation.x
      value: 0
      objectReference: {fileID: 0}
    - target: {fileID: 2447233995633628901, guid: f0fe75bec4f4adc44ad817b68c091c7d,
        type: 3}
      propertyPath: m_LocalRotation.y
      value: 0
      objectReference: {fileID: 0}
    - target: {fileID: 2447233995633628901, guid: f0fe75bec4f4adc44ad817b68c091c7d,
        type: 3}
      propertyPath: m_LocalRotation.z
      value: 0
      objectReference: {fileID: 0}
    - target: {fileID: 2447233995633628901, guid: f0fe75bec4f4adc44ad817b68c091c7d,
        type: 3}
      propertyPath: m_LocalEulerAnglesHint.x
      value: 0
      objectReference: {fileID: 0}
    - target: {fileID: 2447233995633628901, guid: f0fe75bec4f4adc44ad817b68c091c7d,
        type: 3}
      propertyPath: m_LocalEulerAnglesHint.y
      value: 0
      objectReference: {fileID: 0}
    - target: {fileID: 2447233995633628901, guid: f0fe75bec4f4adc44ad817b68c091c7d,
        type: 3}
      propertyPath: m_LocalEulerAnglesHint.z
      value: 0
      objectReference: {fileID: 0}
    - target: {fileID: 2447233995633628901, guid: f0fe75bec4f4adc44ad817b68c091c7d,
        type: 3}
      propertyPath: m_ConstrainProportionsScale
      value: 1
      objectReference: {fileID: 0}
    - target: {fileID: 4058143477019866234, guid: f0fe75bec4f4adc44ad817b68c091c7d,
        type: 3}
      propertyPath: m_Name
      value: Shiny
      objectReference: {fileID: 0}
    - target: {fileID: 5997976233947712546, guid: f0fe75bec4f4adc44ad817b68c091c7d,
        type: 3}
      propertyPath: ShapeModule.radius.value
      value: 0.25
      objectReference: {fileID: 0}
    - target: {fileID: 5997976233947712546, guid: f0fe75bec4f4adc44ad817b68c091c7d,
        type: 3}
      propertyPath: EmissionModule.rateOverTime.scalar
      value: 12
      objectReference: {fileID: 0}
    m_RemovedComponents: []
    m_RemovedGameObjects: []
    m_AddedGameObjects: []
    m_AddedComponents: []
  m_SourcePrefab: {fileID: 100100000, guid: f0fe75bec4f4adc44ad817b68c091c7d, type: 3}
--- !u!4 &1385300078991142165 stripped
Transform:
  m_CorrespondingSourceObject: {fileID: 2447233995633628901, guid: f0fe75bec4f4adc44ad817b68c091c7d,
    type: 3}
  m_PrefabInstance: {fileID: 3661357568927136752}
  m_PrefabAsset: {fileID: 0}
--- !u!198 &7057939773140678610 stripped
ParticleSystem:
  m_CorrespondingSourceObject: {fileID: 5997976233947712546, guid: f0fe75bec4f4adc44ad817b68c091c7d,
    type: 3}
  m_PrefabInstance: {fileID: 3661357568927136752}
  m_PrefabAsset: {fileID: 0}
